2588 4522
548 255 759 317 „23-

113 431 171 505 cui,
188 430 272 512 quasi
288 448 349 490 non
362 437 420 490 tam
433 428 734 508 praeclarissimorum
754 435 908 507 poetarum
927 427 1079 506 aequalem
1093 445 1180 505 quam

112 533 339 596 recentissimae
355 532 459 594 aetatis
474 532 701 610 grammaticum
717 532 797 592 illum
815 531 870 591 sibi
887 531 1016 603 tinxerit,
1031 539 1061 592 et
1076 550 1110 592 ea
1127 532 1181 591 tri-

111 637 181 698 buit
195 655 272 716 quae
286 635 323 697 ab
339 636 388 696 illo
404 634 534 715 prolecta
550 654 615 696 esse
631 652 755 714 prorsus
771 635 938 713 negandum
955 633 1049 709 est⁸⁵l
1071 644 1101 696 et
1116 635 1182 696 lon-

111 739 180 818 gius
207 738 354 818 promovit
380 757 455 817 quos
482 738 530 798 ille
557 737 612 798 sibi
643 737 882 799 determinaverit
911 740 1078 818 provinciae
1111 759 1182 801 suae

112 837 250 916 fines⁸⁶).
286 840 393 901 deinde
414 849 528 912 autern,
549 840 574 900 si
591 841 719 919 excipias
740 861 828 920 quarn
852 844 1057 922 quaestionem
1079 844 1182 905 habuit

112 945 151 1006 de
166 943 303 1017 metrico,
318 962 408 1024 quem
425 947 523 1006 nescio
538 965 576 1006 an
589 944 741 1005 immerite
756 946 787 1006 in
797 946 1041 1025 interpolatorum
1055 965 1180 1009 numero

111 1046 263 1126 posuerit,
283 1047 315 1106 iu
336 1049 502 1109 statuendis
529 1048 806 1128 interpolationibus
826 1068 929 1129 parum
957 1060 1093 1113 accurate
1114 1070 1179 1112 ver-

110 1136 194 1212 satus
209 1169 326 1230 suoque
340 1151 433 1230 ipsius
448 1152 556 1213 iudicio
570 1152 686 1212 videtur
700 1171 806 1231 parum
822 1152 978 1232 diligenter
993 1173 1066 1215 usus
1082 1174 1157 1217 esse.

197 1255 233 1314 1n
247 1254 460 1332 investigandis
476 1274 545 1317 vero
561 1264 591 1316 et
606 1255 781 1316 definiendis
798 1248 1044 1335 interpolatorum
1060 1258 1180 1319 addida-

110 1358 239 1430 mentis,
261 1359 293 1419 iu
314 1359 526 1438 percensendis
552 1368 583 1419 et
607 1359 809 1419 examinandis
835 1359 943 1420 deiude
967 1360 1092 1440 siugulis
1119 1364 1180 1423 lere

109 1481 307 1542 quaecunque
328 1480 393 1523 vere
414 1471 553 1542 suspecta
574 1471 645 1522 sunt
668 1462 761 1522 verbis
789 1480 857 1522 cum
879 1463 1042 1531 maximum
1061 1464 1179 1527 intelle·

108 1567 223 1628 xissem
238 1566 369 1645 positum
386 1585 453 1627 esse
467 1573 655 1627 momentum
674 1565 709 1628 ad
726 1565 893 1645 tragoediae
907 1567 1112 1630 condicionem
1128 1590 1177 1631 ae

108 1680 214 1734 curate
243 1671 495 1749 cognoscendam,
526 1679 671 1750 quantum
696 1669 779 1749 potui
806 1669 1032 1747 diligentissime
1059 1673 1177 1734 tractavi

112 1795 189 1856 quos
205 1776 238 1835 in
254 1775 454 1854 suspicionem
470 1783 612 1835 vocarunt
628 1775 708 1834 locos
723 1792 816 1853 prope
831 1791 944 1846 omnes,
961 1776 1066 1855 quain
1080 1796 1112 1837 re
1127 1777 1178 1857 «poi

108 1879 259 1959 prioribus
288 1878 474 1958 temporibus
501 1879 608 1939 versati
633 1887 705 1938 sunt
724 1878 795 1938 satis
821 1878 931 1956 negotii
956 1879 1083 1957 [metaris
1108 1880 1177 1941 reli-

111 1991 258 2063 querunt,
280 2001 379 2062 neque
398 1993 499 2044 tamen
520 1983 600 2062 quod
621 2001 681 2042 non
704 2000 826 2061 prorsus
850 1981 1015 2043 eletionia
1039 1982 1177 2061 genuinis

109 2105 230 2167 quoque
246 2085 441 2147 emendandis
457 2095 487 2146 et
502 2086 683 2165 explicandis
697 2103 802 2147 vereor
817 2103 854 2146 ne
869 2085 939 2145 vitio
951 2085 1024 2146 mibi
1036 2094 1175 2149 ventur.

108 2190 193 2251 Hanc
211 2189 302 2268 igitur
323 2199 444 2250 secutus
466 2190 629 2260 rationem,
650 2199 682 2250 ut
704 2190 829 2269 quaein
851 2191 910 2249 line
931 2190 1065 2269 pluribus
1085 2210 1176 2271 expui·

108 2292 206 2354 nenda
221 2301 294 2353 sunt
308 2293 408 2372 paucis
421 2293 469 2353 bic
484 2301 686 2372 praevertam.
709 2293 838 2373 primurn
860 2293 1011 2355 verissime
1031 2313 1083 2355 exie
1099 2295 1175 2357 indi·

109 2416 193 2459 casse
215 2397 348 2458 intellexi
367 2398 419 2477 qui
437 2397 554 2476 qualern
575 2416 657 2458 nunc
676 2396 819 2458 babemus
840 2397 1018 2476 tragoediam
1041 2398 1176 2477 extentiu-

108 2502 189 2563 rium
204 2501 361 2562 bominum
376 2518 497 2580 operam
518 2509 670 2580 expertam
690 2519 757 2560 cese
778 2508 963 2573 statuerunt,
984 2499 1093 2561 deiude
1115 2500 1177 2580 ipm

108 2607 267 2685 Euripides
282 2605 412 2666 anblins
428 2605 579 2676 eins‚sire
597 2623 666 2664 eum
688 2603 789 2664 fratris
810 2603 902 2663 lilium
925 2602 1012 2671 dicis,
1035 2604 1112 2665 lianc
1131 2604 1178 2666 {a-

108 2709 211 2772 bulam
229 2708 267 2768 ad
287 2708 376 2769 tinem
397 2706 568 2788 perduxerit
593 2707 664 2768 mibi
686 2706 820 2786 {monaci
845 2722 999 2786 nunqnam
1020 2706 1174 2770 litomeri

109 2831 207 2893 posse.

179 3055 212 3118 θ’)
231 3056 311 3110 Um
322 3065 350 3108 ut
361 3054 482 3120 adim
494 3072 586 3108 rems
596 3058 761 3121 dte-632,
771 3059 863 3127 quibu
875 3066 979 3124 praeter
991 3060 1067 3112 exedi
1081 3068 1176 3123 purtem

110 3144 218 3194 alteram
231 3159 276 3208 per
288 3151 367 3194 tutan
379 3141 435 3194 lere
445 3141 555 3194 fibula·
567 3144 632 3195 nibil
649 3144 781 3209 reperim
796 3144 932 3207 uicerint,
947 3147 980 3198 ab
997 3146 1116 3215 euripo
1132 3148 1163 3201 nui

110 3245 174 3280 nore
185 3228 268 3279 factm
280 3244 338 3278 esse
349 3229 443 3280 veluit
469 3230 523 3280 rte
536 3237 578 3295 μή
598 3229 629 3281 lb
641 3245 699 3295 m
709 3231 735 3281 9.
747 3231 793 3282 sed
803 3230 864 3297 qnid
875 3233 942 3298 quid
954 3232 1034 3297 imno
1046 3233 1119 3286 iiiam
1131 3250 1163 3287 en

112 3316 185 3364 onum
199 3314 318 3379 emptu
331 3315 425 3365 nturi
434 3316 536 3366 trimae

180 3404 213 3457 ⁸⁶)
232 3401 285 3451 rid.
299 3403 350 3452 hui
363 3403 409 3452 lib.
422 3418 476 3466 pag.
492 3405 549 3454 133.
