2588 4522
542 263 753 326 ...69-

108 434 288 497 coaluerunt
306 435 476 505 notionem,
496 435 536 495 ita
557 443 591 496 ut
611 425 671 518 γάρ
690 435 833 516 particula
856 454 918 498 non
938 444 998 499 tam
1020 439 1056 499 ad
1076 455 1179 500 vocem

108 535 263 616 συνετῶς,
279 555 354 619 quae
368 537 503 618 proxime
518 538 688 611 antecessit,
704 541 849 600 referatur
865 558 955 620 quam
970 559 1005 602 ea
1020 549 1182 620 quaesunt

107 631 159 703 tte
181 630 243 723 yolo
265 633 337 703 ἔστι
357 632 475 724 νήπιος
496 640 688 702 statuendum
708 641 746 702 sit
762 661 885 716 causam
903 641 1021 704 adlorre
1041 661 1096 704 cur
1116 659 1180 704 non

108 736 229 807 συνετὰ
250 743 389 817 συνετῶς
410 745 461 805 sed
485 735 623 806 ῶσυνεεα
645 733 785 819 συνεεῶς
807 745 948 806 exclamet
964 744 1094 808 Orestes.

195 850 328 928 Apparet
352 847 441 928 igitur
464 848 498 909 G.
522 848 758 910 Dindorfium
787 848 937 910 immerito
968 856 1066 912 totum
1098 850 1181 912 hunc

108 969 232 1015 versum
247 950 370 1012 eiecisse
385 950 459 1012 mihi
482 951 602 1031 quidem
622 951 725 1013 videri.
756 952 810 1013 sed
830 952 913 1013 valde
934 953 1063 1014 admiror
1083 953 1180 1015 virum

109 1056 234 1117 doctum
251 1054 332 1134 quod
346 1061 449 1133 postea
464 1060 561 1115 totum
577 1054 627 1133 qui
642 1054 778 1116 versibus
798 1052 986 1118 toa-468.
1009 1056 1181 1118 continetur

108 1160 210 1221 locum
227 1157 356 1218 seclusit
391 1156 574 1237 argumentis
589 1158 772 1238 reperiendis
788 1158 931 1238 imparem
954 1178 1002 1221 me
1023 1179 1088 1220 csse
1108 1179 1180 1239 pro-

107 1262 221 1330 fiteor„
240 1260 267 1320 H
273 1268 457 1340 artungus
474 1260 603 1342 quidem,
619 1280 687 1322 cum
702 1278 820 1323 versum
837 1261 908 1323 468.
925 1262 1017 1324 sciolo
1029 1261 1115 1324 alicui
1124 1263 1179 1322 tri-

108 1364 177 1426 huit
191 1370 315 1444 propter
328 1364 536 1442 tautologiam,
557 1363 645 1424 verba
667 1351 703 1437 ὃς
724 1353 893 1445 εἴργασται
913 1357 992 1427 τάδε
1014 1384 1077 1427 non
1091 1366 1180 1427 intel·

108 1467 183 1529 lexit
198 1465 326 1527 minime
349 1467 453 1527 eadem
474 1467 639 1547 significare
659 1474 747 1547 atque
770 1468 859 1537 haec,
880 1461 925 1542 ῶς
945 1461 977 1547 μ’
1001 1460 1179 1530 ἀπώλεσεν.

110 1570 165 1632 sed
181 1586 302 1631 causam
319 1567 453 1629 indicant
468 1568 553 1630 unde·
564 1570 663 1650 perire
679 1570 736 1631 sihi
750 1570 869 1631 videtur
883 1570 1074 1650 Agamemno.
1110 1572 1182 1634 haec

111 1672 196 1737 onim
211 1672 331 1735 dicunt:
355 1672 448 1746 Paris,
464 1673 514 1753 qui
532 1672 629 1734 ellecit
643 1681 678 1733 ut
692 1672 783 1733 liliam
803 1671 959 1734 immolare
979 1681 1100 1736 coactus
1115 1674 1180 1736 sim.

567 1844 612 1925 V.
640 1845 728 1920 481.

199 2023 274 2085 ΧΧΙ.
297 2057 337 2067 -·
365 2021 453 2083 Nullo
474 2022 563 2083 modo
586 2021 684 2083 omitti
703 2039 791 2102 posse
809 2029 884 2101 puto
906 2022 936 2083 id
959 2023 1039 2104 quod
1061 2022 1182 2086 Elma-

111 2129 208 2191 leius
224 2127 271 2189 ad.
286 2125 362 2188 Med.
380 2142 455 2185 vers.
472 2122 543 2185 323.
559 2123 715 2203 proposuit
729 2124 862 2185 hocloco
874 2124 1078 2198 scribendum,
1094 2117 1181 2203 drgo-

109 2230 236 2293 κτεῖναι
248 2225 353 2292 τέκνα.
388 2234 418 2288 et
433 2226 536 2288 aoristi
551 2226 672 2308 quidem
687 2225 850 2288 infinitivus
865 2218 1057 2290 ἀποκτεῖναι
1079 2248 1114 2290 eo
1129 2229 1181 2309 qui

112 2332 260 2414 sequitur,
277 2324 488 2407 ἀνθελέσθαι,
504 2329 616 2410 requiri
630 2328 756 2401 videtur,
772 2324 867 2390 τέκνα
892 2337 991 2391 autern
1018 2331 1092 2412 quin
1107 2331 1182 2394 scri·

111 2436 247 2498 bendum
263 2435 300 2496 sit
315 2452 378 2496 non
392 2440 492 2513 potest
508 2431 646 2493 dubitari.
680 2450 750 2492 nam
767 2430 848 2511 quis,
865 2431 916 2510 qui
930 2424 1003 2516 μήν’
1028 2425 1181 2495 ἀποκτεί-

112 2558 178 2601 νειν
199 2532 310 2600 τέκνον
330 2526 403 2622 μήτ’
428 2527 630 2598 ἀνθελέσθαι
651 2525 771 2612 τούμόν
792 2533 905 2612 legerit,
928 2534 966 2594 ad
986 2554 1088 2596 vocem
1103 2528 1180 2598 voti-

93 2704 96 2709 ,
110 2632 173 2721 μόν
187 2640 285 2721 primo
300 2639 416 2719 impetu
431 2656 494 2700 non
510 2635 712 2698 subaudiverit
725 2631 843 2713 τέκνον,
867 2635 933 2716 quis
956 2656 1058 2699 verum
1081 2638 1182 2719 suspi-

111 2752 196 2807 catus
211 2743 251 2805 sit
265 2761 389 2805 sensum
404 2741 463 2803 nisi
478 2742 542 2803 loco
559 2738 658 2800 denuo
674 2738 840 2800 accuratius
857 2737 1072 2803 considerato?
1094 2732 1181 2822 pracss

112 2856 194 2910 terea
210 2864 287 2926 nego
303 2846 438 2908 consulto
454 2851 572 2924 poetam
589 2842 745 2923 utriusque
766 2859 867 2904 versus
892 2844 1018 2906 eandem
1037 2845 1180 2907 termina-

111 2952 227 3014 tionem
248 2948 354 3011 lecisse
375 2953 536 3030 vocemque
555 2942 664 3010 τέκνον
685 2947 813 3009 voluisse
833 2967 903 3029 prae
930 2948 1036 3010 ceteris
1065 2967 1180 3010 sonare.

112 3055 195 3117 omni
211 3053 300 3131 igitur
315 3053 404 3114 modo
420 3053 584 3114 tenendum
600 3046 764 3114 estatinae.
796 3052 894 3131 quod,
921 3071 989 3113 cum
1000 3052 1181 3115 sententiam

112 3157 206 3236 magis
222 3156 389 3236 generalem
405 3154 530 3216 reddere
544 3155 690 3227 videatur,
706 3172 745 3215 ne
760 3173 829 3215 cum
844 3153 948 3214 aoristi
969 3154 1115 3215 infinitivo
1130 3161 1180 3215 ut-

112 3270 183 3346 pote
199 3261 357 3342 specialem
373 3259 451 3320 illam
471 3259 615 3320 reddente
635 3274 768 3339 pugnare
787 3263 888 3336 putes,
912 3256 1046 3318 conferas
1067 3243 1178 3337 quaeso

113 3384 234 3428 versum
251 3363 333 3437 736„

278 3455 379 3528 καλὸν
399 3444 556 3527 senoricus
577 3453 667 3543 τάμά
690 3450 891 3544 γ’ῶκδοῦναι
910 3457 1015 3525 τέκνα.

459 3723 462 3727 .
567 3638 613 3710 V.
642 3637 731 3718 498.

203 3820 291 3883 Xllll.
314 3855 356 3863 -
371 3819 524 3880 Immerito
542 3818 814 3887 Hermannum‚
835 3834 924 3895 quem
945 3822 1064 3898 praeter
1083 3815 1181 3877 Wei-

114 3923 203 3987 lium
218 3922 403 3987 recentiores
418 3921 513 3984 secuti
524 3928 595 3984 sunt
610 3938 750 3993 omncs,
765 3917 1016 4001 repudiassepnto
1022 3919 1100 3999 quod
1108 3934 1181 3980 con-
