2588 4522
537 242 750 306 -78-

111 435 187 497 quae
203 416 311 493 singuli
333 417 445 497 aliquot
461 433 564 477 versus
585 415 729 495 praebent
744 414 852 476 indicia
869 420 1041 475 monstrent
1055 431 1178 494 respon·
1224 496 1227 503 ¹

111 519 204 581 sionis
226 522 312 594 (vers.
337 519 408 581 573.
425 520 496 579 574.
519 519 590 578 575.
609 545 653 568 =
672 536 747 578 vers.
772 518 843 579 579.
861 517 933 579 580.
949 516 1051 594 581.),
1076 517 1177 597 quibus
1220 536 1226 599 ,ε

112 623 300 684 Hermannus
318 641 389 684 usus
411 633 457 683 ter
477 621 618 701 strophici
638 621 778 683 carminis
800 621 929 683 formam
950 622 1111 683 restituere
1132 639 1178 683 co-

113 735 200 789 natus
217 734 263 786 est
277 720 337 801 ¹⁰³).
1222 722 1225 727 '

195 831 277 904 Quae
292 848 360 890 cum
376 828 416 889 ita
430 827 500 901 sint,
517 826 620 887 nescio
639 846 678 887 an
694 843 756 887 non
771 826 858 887 liceat
873 844 1017 906 quaerere
1039 826 1076 888 ab
1096 825 1178 886 Euri-
1223 846 1226 855 ·

111 933 179 1012 pide
194 952 232 993 an
248 932 284 994 ab
300 933 395 993 alieno
412 931 534 991 homine
550 931 701 1010 profectae
716 930 776 990 sint
790 930 856 991 illae
873 930 1025 1009 reliquiae,
1042 929 1178 1009 quoniam

114 1056 151 1097 ne
167 1036 313 1097 tantulum
330 1036 449 1114 quidem
465 1035 597 1113 reperire
613 1034 708 1113 possis
724 1033 804 1113 quod
820 1051 886 1094 vere
902 1033 1106 1112 suspicionem
1119 1052 1179 1094 mo·
1221 1030 1224 1035 ’

115 1146 189 1201 veut.
220 1138 414 1218 nequeenim
437 1156 541 1199 versus
566 1138 637 1198 574.
665 1144 823 1216 suspectus
851 1144 895 1197 est
922 1144 1082 1216 propterea
1107 1134 1180 1217 quod
1219 1150 1226 1213 ξ

115 1242 219 1303 similis
236 1241 351 1303 videtur
366 1243 464 1303 versui
489 1239 594 1314 1292„
619 1239 795 1319 praesertim
816 1257 884 1300 cum
905 1258 1008 1300 vocem
1030 1231 1180 1320 βουκόλος

116 1352 220 1406 nostro
235 1345 300 1406 loco
316 1346 462 1425 glossema
478 1363 543 1405 esse
558 1351 720 1422 coarguant
742 1342 830 1403 huius
851 1361 953 1403 versus
977 1343 1098 1405 numeri
1118 1361 1181 1423 per·

114 1451 189 1510 versi
201 1446 261 1524 ¹⁰⁴),
278 1468 378 1529 neque
394 1448 487 1527 magis
508 1466 597 1526 quam
623 1465 725 1506 versus
753 1444 816 1506 585
834 1465 877 1525 sq.
907 1445 955 1520 (cl.
972 1464 1049 1506 vers.
1068 1447 1131 1525 75.)
1153 1446 1182 1506 in

117 1554 331 1614 dubitationem
347 1551 443 1613 vocari
460 1549 568 1611 debunt
580 1569 683 1611 versus
696 1549 757 1610 587
770 1569 831 1630 sq.‚‚
842 1567 970 1629 quorum
983 1549 1059 1611 alter
1070 1568 1182 1611 uersum

121 1656 189 1718 183.
206 1659 279 1717 alter
294 1673 412 1715 versum
430 1654 501 1713 754.
518 1653 549 1713 in
565 1654 740 1714 memoriam
762 1660 888 1713 revocet.
923 1651 1055 1732 denique
1075 1653 1101 1715 si
1123 1653 1183 1733 quis

121 1760 247 1821 offendit
261 1759 292 1819 in
308 1777 395 1819 versu
412 1756 493 1830 584„
517 1757 553 1818 de
573 1757 739 1836 corruptela
762 1755 880 1834 cogitet.
914 1754 1185 1833 Reprehendendus

116 1863 206 1940 igitur
220 1864 337 1923 videtur
352 1862 385 1922 G.
402 1861 424 1921 ll
434 1860 642 1931 indorsius,
658 1859 710 1937 qui
725 1857 930 1937 interpolatori
945 1858 1001 1918 hos
1014 1877 1119 1920 versus
1133 1859 1202 1921 tri-'

117 1966 209 2027 liuere
226 1966 407 2046 periclitatus
423 1973 475 2036 est,
492 1980 664 2043 quanquam
681 1961 732 2041 qui
748 1970 808 2022 mm
823 1969 891 2041 apte
914 1969 1001 2040 poeta
1017 1962 1186 2042 dignissima

119 2069 201 2138 dixit,
218 2069 352 2146 singulos
368 2086 472 2129 versus
489 2066 513 2127 si
528 2065 718 2144 respicimus,
735 2064 759 2125 is
780 2064 884 2144 opinor
904 2082 1001 2144 neque
1022 2066 1124 2146 inepta
1144 2068 1187 2129 illu
1219 2072 1222 2077 '

119 2189 193 2251 quae
216 2190 241 2230 v.
258 2169 329 2231 573.
346 2176 375 2229 et
395 2187 421 2227 v.
444 2165 515 2227 579.
538 2169 677 2245 leguntur
697 2166 839 2228 orationis
862 2167 981 2228 exordia
1002 2168 1073 2229 lecit
1095 2187 1188 2250 neque

120 2273 275 2353 imperitus
291 2272 348 2333 luit
364 2271 502 2332 metricae
518 2270 598 2333 artis.

117 2484 188 2557 Du
217 2479 382 2557 OHORI
410 2477 738 2555 ANAPAESTIS
772 2477 918 2553 VERS.
949 2478 1185 2556 suu-606.

203 2677 305 2738 XXIX.
322 2713 364 2720 —
381 2677 462 2738 Vers.
480 2675 669 2736 590.---597.
685 2673 805 2735 -Etsi
821 2692 924 2735 eorum
946 2693 1022 2754 quae
1041 2678 1079 2737 ad
1100 2686 1189 2741 tuen·

118 2782 171 2841 dos
186 2782 240 2841 hos
256 2798 356 2840 versus
372 2780 547 2840 adseruntur
563 2779 686 2839 minime
702 2779 861 2839 immemor
873 2797 949 2851 surm,
967 2786 1068 2840 tamen
1080 2799 1190 2842 secun·

119 2884 186 2943 dam
199 2882 348 2942 fortunam
362 2881 483 2958 virginis
495 2881 530 2940 ab
544 2881 656 2941 eisdem
670 2880 752 2941 clrori
765 2881 937 2943 mulieribus
949 2901 1023 2960 quae
1036 2869 1188 2945 summum

120 2986 229 3046 malum
251 2984 417 3063 lphigoniae
437 2983 610 3062 impendere
632 2983 720 3042 modo
741 2993 877 3045 accurate
906 2986 1102 3064 cognoverint
1128 2996 1189 3048 tam

121 3088 213 3149 elluso
228 3088 391 3167 praedicari
412 3086 540 3148 voluisse
560 3080 731 3165 Euripidem
756 3088 802 3147 vix
824 3106 946 3167 possum
970 3088 1044 3151 mihi
1064 3109 1190 3170 persua·

121 3192 199 3253 dere.
234 3209 323 3253 nemo
340 3191 446 3271 opinor
460 3192 641 3271 postuletut
656 3191 692 3250 de
709 3189 815 3251 irrisere
833 3189 999 3269 iphigeniae
1015 3190 1190 3252 condicione

121 3296 230 3356 chorus
251 3295 337 3356 verba
358 3295 459 3365 saciat,
481 3295 533 3355 sed
554 3293 654 3355 minus
676 3292 803 3354 absurde
825 3301 967 3372 tanquam
990 3291 1190 3354 felicissimam

120 3398 199 3459 illius
214 3399 366 3460 fortunam
381 3398 480 3460 extolli
495 3398 601 3458 merito
618 3396 815 3457 desideratum
832 3395 897 3456 erit.
932 3395 1011 3475 quod
1024 3403 1125 3458 autem
1138 3417 1190 3458 er-

195 3670 236 3736 ¹⁰³l
256 3673 334 3722 Elem.
348 3672 428 3723 doctr.
444 3689 474 3723 m.
490 3689 545 3737 pag.
559 3674 617 3723 542.

239 3751 350 3819 '1an
365 3759 425 3808 odit.
440 3773 494 3822 pag.
509 3761 541 3809 53
556 3776 593 3824 sq.

257 3842 294 3891 Dc
306 3842 416 3908 interpp.
431 3845 449 3895 l.
462 3845 488 3894 in
502 3846 562 3895 dul.
576 3844 593 3895 l.
608 3861 664 3909 pag.
680 3845 711 3897 14
725 3861 762 3909 sq.

193 3925 233 3991 ¹⁰⁴)
252 3943 299 3993 qun
312 3928 344 3976 dc
357 3943 384 3977 rc
398 3930 429 3978 ad
443 3946 510 3981 voro.
524 3932 574 3981 764
586 3946 641 3996 sqq.
662 3931 779 3981 dicturus
790 3944 853 3980 sum.
