2588 4522
544 254 757 315 ..93-

157 422 260 492 xro.
349 420 447 511 *,
852 424 867 455 *

614 526 628 558 ’lt

110 664 113 669 ·
155 632 176 698 †
199 628 280 690 KA.
303 618 382 705 ἀλλ’,
407 614 434 689 ὦ
455 622 574 707 τέκνον,
596 623 669 713 χρή·
693 621 890 714 φιλοπάτωρ
913 622 998 693 δ’ἀεί
1018 621 1096 694 ποτ’
1119 622 1148 695 εἶ

153 735 174 804 †
304 723 447 810 μάλιστα
469 728 600 794 παίδων
620 721 699 817 τῷδ’
724 727 822 807 ὅσους
843 726 906 814 ἐγώ
929 725 1046 796 ἔτεκον.

473 905 619 981 VERS.
648 906 726 981 652
755 934 831 1006 sqq.

198 1081 328 1168 xxxnl.
343 1119 382 1126 -
400 1084 520 1146 Troiam
535 1093 653 1164 patrem
668 1089 870 1165 profecturum
888 1104 953 1147 esse
968 1104 1029 1146 non
1045 1089 1183 1151 nesciens

108 1186 266 1265 Iphigenia
282 1205 370 1266 qnam
386 1207 411 1247 x.
429 1187 500 1248 651.
517 1188 565 1249 ille
577 1188 748 1249 diuturnam
765 1189 837 1249 dixit
859 1188 1023 1251 absentiam
1045 1209 1105 1252 non
1128 1208 1183 1271 po-

108 1288 168 1363 tuit
185 1306 250 1357 nrm¹
262 1289 298 1350 ad
314 1289 394 1351 illam
410 1292 629 1371 expeditionem
645 1291 773 1353 referre:
795 1311 886 1371 qnare
902 1293 1010 1354 merito
1027 1294 1182 1356 mIrandus

110 1399 158 1454 est
174 1409 280 1464 versus
295 1388 377 1466 652,
399 1413 459 1474 quo
475 1414 551 1474 quae
566 1403 650 1474 pater
670 1395 743 1455 dixit
763 1395 822 1455 lilia
842 1404 928 1474 negat
951 1414 982 1455 se
1002 1397 1182 1476 intellegere.

110 1510 172 1576 quo
188 1514 258 1555 cum
273 1496 347 1557 haec
361 1498 502 1559 accedant
523 1497 710 1575 gravissima,
733 1498 813 1577 quod
834 1517 903 1558 vere
926 1498 963 1559 de
983 1497 1110 1561 Troiana
1131 1518 1183 1559 ex-

109 1599 266 1679 peditione
281 1598 466 1679 Iphigeniam
482 1600 610 1679 cogitare
623 1600 791 1680 complures
804 1600 912 1662 docent
925 1619 1028 1662 eornm
1041 1621 1183 1662 versuum

111 1702 164 1782 qui
181 1702 259 1764 infra
276 1712 418 1765 secuntur
433 1711 462 1764 et
477 1704 557 1784 quod
573 1721 640 1764 cnm
657 1721 746 1764 versu
762 1703 833 1764 652.
850 1703 896 1763 vel
913 1723 946 1765 ea
960 1713 1094 1783 pugnant
1109 1723 1183 1783 quae

90 1855 93 1859 ,
110 1805 216 1867 statim
231 1807 393 1884 respondet
406 1808 606 1884 Agamemno,
630 1807 710 1867 nullo
732 1807 822 1867 modo
844 1806 917 1866 ferri
940 1814 1038 1886 potest
1057 1827 1083 1867 v.
1101 1806 1183 1879 652,

112 1928 212 1989 neque
227 1909 332 1971 ceteris
348 1909 455 1989 quibus
472 1909 604 1970 adtectus
621 1917 666 1970 est
681 1909 759 1970 vitiis
776 1928 851 1987 opus
868 1917 931 1969 erat
947 1917 981 1970 ut
996 1909 1183 1987 gravissimas

112 2012 201 2074 nobis
217 2021 350 2074 moveret
366 2011 558 2092 suspiciones.
592 2012 708 2074 'lamen
721 2013 837 2081 sensui,
854 2020 1001 2092 quantum
1024 2011 1098 2083 scio,
1121 2028 1186 2074 me-

112 2117 213 2178 delam
230 2115 384 2177 adhibebat
400 2115 514 2195 palmus
530 2114 746 2195 Hartungus
763 2135 849 2178 versu
866 2117 908 2176 sic
923 2115 1042 2195 scripto,

232 2205 293 2280 οὕκ
315 2206 400 2280 οἶδα·
424 2209 494 2302 φὴς
516 2213 553 2280 δὲ
575 2213 719 2302 φίλτατα
740 2207 813 2280 τάδ’
837 2213 920 2299 ἐμοὶ,
944 2209 1064 2302 πάτερ.

113 2321 168 2384 sed
183 2323 283 2401 lapsus
299 2330 344 2382 est
359 2321 465 2402 opinor
481 2341 515 2383 eo
531 2323 610 2401 quod
625 2322 746 2402 nuptias
760 2323 943 2402 Iphigeniam
968 2321 1000 2382 ln
1017 2329 1118 2382 mente
1133 2321 1188 2381 ha-

113 2425 186 2487 bere
203 2425 361 2486 arbitratus
373 2433 427 2499 est,
443 2426 576 2505 quamvis
589 2426 695 2487 eadem
707 2426 853 2486 sententia
865 2426 956 2487 fuerit
970 2424 996 2485 H
1007 2443 1081 2485 erm
1090 2424 1185 2485 anni.

114 2529 147 2589 in
162 2528 283 2588 Achillis
299 2536 399 2590 autem
415 2529 640 2590 matrimonium
655 2548 686 2590 se
702 2528 805 2589 datum
821 2528 858 2588 iri
874 2527 930 2588 etsi
942 2527 1066 2588 minime
1083 2525 1183 2607 nescit,

114 2639 220 2692 tamen
234 2639 372 2710 parentes
387 2631 598 2711 relinquendos
614 2650 679 2692 osse
694 2631 757 2691 viro
769 2637 918 2709 nupturae
931 2629 1066 2691 nondum
1083 2647 1184 2689 secum

114 2733 274 2813 reputavit,
290 2733 321 2794 id
336 2735 415 2814 quod
431 2734 652 2796 accuratissime
667 2740 790 2814 apparet
811 2753 826 2794 e
848 2752 936 2794 versu
958 2732 1029 2792 670.
1052 2730 1185 2792 certissi-

115 2856 203 2898 mum
219 2837 308 2915 igitur
322 2836 393 2899 hinc
409 2857 528 2919 qnoque
542 2845 586 2900 est
603 2837 682 2919 quod
699 2854 787 2917 supra
803 2837 872 2909 dixi,
890 2835 1048 2898 Troianam
1064 2834 1185 2914 expedi-

114 2942 230 3002 tionem
252 2940 287 3000 ab
308 2940 460 3020 iphigenia
486 2941 616 3020 intellegi
641 2940 757 3002 debere.
796 2941 877 3001 unde
898 2940 989 3002 etiam
1008 2937 1185 2999 Weilium

115 3062 231 3106 errasse
246 3052 377 3123 apparet,
394 3045 445 3124 qui
460 3045 533 3106 item
549 3045 659 3125 nuptiis
676 3045 770 3106 utitur
785 3046 822 3105 ad
834 3063 953 3106 versum
970 3041 1186 3122 explicandum,

115 3166 208 3228 quem
224 3147 267 3207 sic
281 3147 408 3227 scripsit,

207 3241 266 3311 οὐκ
288 3238 363 3311 οἶδά
384 3242 419 3312 θ’
444 3242 463 3310 δ’
483 3268 517 3310 τι
539 3242 614 3333 φὴς,
636 3234 742 3325 acida,
766 3239 894 3331 φίλτατ’
919 3234 1085 3327 ὦπάτερ.

115 3352 266 3432 Iplripe'aie,
283 3353 398 3433 inquit,
416 3353 473 3414 doit
491 3357 607 3434 agnorer
630 3351 715 3430 qa'on
733 3360 801 3412 veut
822 3351 851 3411 la
872 3354 995 3421 moriem
1022 3345 1186 3426 cepeadant,

119 3457 171 3518 etto
189 3461 244 3518 solt
259 3457 399 3520 tris-bleta
415 3457 447 3518 de
463 3461 530 3538 quoi
541 3456 563 3518 il
577 3454 667 3536 s’agit.
701 3454 754 3515 elle
776 3454 817 3515 dit
831 3455 918 3516 donc:
942 3451 1000 3525 „Je
1014 3468 1050 3510 aa
1065 3453 1122 3510 saa's
1132 3467 1188 3528 pas

118 3580 147 3622 cc
164 3579 216 3641 que
233 3572 263 3623 ta
278 3579 355 3622 ocus
371 3561 444 3633 darc,
467 3571 494 3623 et
503 3559 536 3639 je
559 3560 680 3622 lesais“
693 3554 754 3631 ¹²¹).
789 3566 923 3619 ceterum
941 3555 1016 3616 haec
1031 3552 1133 3614 nescio
1149 3568 1186 3613 an

185 3770 229 3832 121)
248 3770 284 3819 lle
297 3768 394 3833 nuptiis
405 3765 551 3832 Iphigeniae
565 3767 684 3818 celandae
698 3781 761 3832 qnae
775 3780 851 3816 cansa
870 3762 947 3814 luerit
965 3780 1014 3814 non
1033 3762 1122 3822 video,
1140 3759 1185 3812 sed

114 3858 196 3909 celari
209 3873 252 3908 aas
265 3855 388 3908 Weilium
400 3854 528 3905 immerito
541 3854 664 3904 statuisse
677 3868 732 3903 cum
745 3867 778 3903 ex
786 3851 849 3903 aliis
857 3859 910 3903 turn
919 3849 1078 3903 cxversibns
1091 3848 1185 3898 624.-

115 3946 176 3996 626.
190 3945 296 4008 colligo,
309 3941 350 4008 qui
364 3956 449 3992 coram
460 3940 592 4007 lphIgenia
603 3940 663 4006 quin
676 3939 740 3990 dicti
752 3938 806 3990 sint
817 3955 866 3989 non
879 3945 963 4005 potest
974 3935 1094 3987 dubitari.
