<?xml version="1.0" encoding="UTF-8"?>
<!DOCTYPE html PUBLIC "-//W3C//DTD XHTML 1.0 Transitional//EN"
    "http://www.w3.org/TR/xhtml1/DTD/xhtml1-transitional.dtd">
<html xmlns="http://www.w3.org/1999/xhtml" xml:lang="en" lang="en">
 <head>
  <title>
</title>
<meta http-equiv="Content-Type" content="text/html;charset=utf-8" />
  <meta name='ocr-system' content='tesseract 3.04.00' />
  <meta name='ocr-capabilities' content='ocr_page ocr_carea ocr_par ocr_line ocrx_word'/>
</head>
<body>
  <div class='ocr_page' id='page_1' title='image "./deiphigeniaeaul00henngoog_0136.png"; bbox 0 0 2588 4522; ppageno 0'>
   <div class='ocr_carea' id='block_1_1' title="bbox 543 269 755 331">
    <p class='ocr_par' dir='ltr' id='par_1_1' title="bbox 543 269 755 331">
     <span class='ocr_line' id='line_1_1' title="bbox 543 269 755 331; baseline 0.019 -16"><span class='ocrx_word' id='word_1_1' title='bbox 543 269 755 331; x_wconf 69' lang='lat'>..87-</span> 
     </span>
    </p>
   </div>
   <div class='ocr_carea' id='block_1_2' title="bbox 104 433 1184 4029">
    <p class='ocr_par' dir='ltr' id='par_1_2' title="bbox 107 433 1184 2374">
     <span class='ocr_line' id='line_1_2' title="bbox 107 433 1183 521; baseline 0.006 -21"><span class='ocrx_word' id='word_1_2' title='bbox 107 438 156 500; x_wconf 91' lang='lat' dir='ltr'>sic</span> <span class='ocrx_word' id='word_1_3' title='bbox 178 433 332 501; x_wconf 80' lang='grc' dir='ltr'><strong><em>καθίστα</em></strong></span> <span class='ocrx_word' id='word_1_4' title='bbox 358 438 477 518; x_wconf 79' lang='lat' dir='ltr'>scripsit</span> <span class='ocrx_word' id='word_1_5' title='bbox 501 438 760 514; x_wconf 75' lang='lat' dir='ltr'>herilandus,</span> <span class='ocrx_word' id='word_1_6' title='bbox 790 460 879 521; x_wconf 90' lang='lat' dir='ltr'>quem</span> <span class='ocrx_word' id='word_1_7' title='bbox 906 462 941 503; x_wconf 88' lang='lat' dir='ltr'>ex</span> <span class='ocrx_word' id='word_1_8' title='bbox 966 445 1183 506; x_wconf 88' lang='lat' dir='ltr'>recentioribus</span> 
     </span>
     <span class='ocr_line' id='line_1_3' title="bbox 107 541 1183 628; baseline 0.006 -24"><span class='ocrx_word' id='word_1_9' title='bbox 107 548 235 604; x_wconf 84' lang='lat' dir='ltr'>secutus</span> <span class='ocrx_word' id='word_1_10' title='bbox 251 548 298 603; x_wconf 87' lang='lat' dir='ltr'>est</span> <span class='ocrx_word' id='word_1_11' title='bbox 314 541 420 602; x_wconf 89' lang='lat' dir='ltr'>Weili</span> <span class='ocrx_word' id='word_1_12' title='bbox 430 561 469 603; x_wconf 91' lang='lat' dir='ltr'>us</span> <span class='ocrx_word' id='word_1_13' title='bbox 486 542 597 621; x_wconf 87' lang='lat' dir='ltr'>virgula</span> <span class='ocrx_word' id='word_1_14' title='bbox 612 562 668 623; x_wconf 90' lang='lat' dir='ltr'>qua</span> <span class='ocrx_word' id='word_1_15' title='bbox 684 553 751 622; x_wconf 89' lang='lat' dir='ltr'>pest</span> <span class='ocrx_word' id='word_1_16' title='bbox 767 563 868 606; x_wconf 80' lang='lat' dir='ltr'>rocem</span> <span class='ocrx_word' id='word_1_17' title='bbox 884 541 993 606; x_wconf 82' lang='grc' dir='ltr'><strong><em>τέκνον</em></strong></span> <span class='ocrx_word' id='word_1_18' title='bbox 1008 548 1183 628; x_wconf 90' lang='lat' dir='ltr'>plerumque</span> 
     </span>
     <span class='ocr_line' id='line_1_4' title="bbox 108 644 1183 728; baseline 0.003 -20"><span class='ocrx_word' id='word_1_19' title='bbox 108 645 256 708; x_wconf 82' lang='lat' dir='ltr'><strong>inciditur</strong></span> <span class='ocrx_word' id='word_1_20' title='bbox 277 645 371 706; x_wconf 92' lang='lat' dir='ltr'>deleta</span> <span class='ocrx_word' id='word_1_21' title='bbox 391 644 519 725; x_wconf 89' lang='lat' dir='ltr'>ideoque</span> <span class='ocrx_word' id='word_1_22' title='bbox 540 647 632 708; x_wconf 87' lang='lat' dir='ltr'>altero</span> <span class='ocrx_word' id='word_1_23' title='bbox 654 647 786 708; x_wconf 90' lang='lat' dir='ltr'>vocativo</span> <span class='ocrx_word' id='word_1_24' title='bbox 807 648 922 709; x_wconf 89' lang='lat' dir='ltr'>suhlato</span> <span class='ocrx_word' id='word_1_25' title='bbox 945 650 1058 728; x_wconf 90' lang='lat' dir='ltr'>optime</span> <span class='ocrx_word' id='word_1_26' title='bbox 1081 651 1183 713; x_wconf 92' lang='lat' dir='ltr'>sensui</span> 
     </span>
     <span class='ocr_line' id='line_1_5' title="bbox 111 746 1184 833; baseline 0.005 -22"><span class='ocrx_word' id='word_1_27' title='bbox 111 748 285 811; x_wconf 85' lang='lat' dir='ltr'>consulens.</span> <span class='ocrx_word' id='word_1_28' title='bbox 326 766 420 828; x_wconf 91' lang='lat' dir='ltr'>neque</span> <span class='ocrx_word' id='word_1_29' title='bbox 440 756 540 810; x_wconf 91' lang='lat' dir='ltr'>tamen</span> <span class='ocrx_word' id='word_1_30' title='bbox 562 749 679 811; x_wconf 81' lang='lat' dir='ltr'>admitti</span> <span class='ocrx_word' id='word_1_31' title='bbox 699 757 798 829; x_wconf 90' lang='lat' dir='ltr'>potest</span> <span class='ocrx_word' id='word_1_32' title='bbox 817 746 981 830; x_wconf 69' lang='lat' dir='ltr'>codicem,</span> <span class='ocrx_word' id='word_1_33' title='bbox 1010 753 1035 814; x_wconf 90' lang='lat' dir='ltr'>si</span> <span class='ocrx_word' id='word_1_34' title='bbox 1065 754 1184 833; x_wconf 89' lang='lat' dir='ltr'>quidem</span> 
     </span>
     <span class='ocr_line' id='line_1_6' title="bbox 111 847 1183 939; baseline 0.005 -26"><span class='ocrx_word' id='word_1_35' title='bbox 111 871 212 932; x_wconf 91' lang='lat' dir='ltr'>neque</span> <span class='ocrx_word' id='word_1_36' title='bbox 227 859 273 912; x_wconf 85' lang='lat' dir='ltr'>est</span> <span class='ocrx_word' id='word_1_37' title='bbox 288 851 369 912; x_wconf 92' lang='lat' dir='ltr'>unde</span> <span class='ocrx_word' id='word_1_38' title='bbox 385 851 543 913; x_wconf 81' lang='lat' dir='ltr'>descendat</span> <span class='ocrx_word' id='word_1_39' title='bbox 558 852 709 932; x_wconf 82' lang='lat' dir='ltr'>Iphigenia</span> <span class='ocrx_word' id='word_1_40' title='bbox 732 861 762 914; x_wconf 90' lang='lat' dir='ltr'>et</span> <span class='ocrx_word' id='word_1_41' title='bbox 778 873 811 914; x_wconf 84' lang='lat' dir='ltr'>ea</span> <span class='ocrx_word' id='word_1_42' title='bbox 835 873 909 933; x_wconf 89' lang='lat' dir='ltr'>quae</span> <span class='ocrx_word' id='word_1_43' title='bbox 929 863 1000 916; x_wconf 91' lang='lat' dir='ltr'>sunt</span> <span class='ocrx_word' id='word_1_44' title='bbox 1019 847 1094 939; x_wconf 75' lang='grc' dir='ltr'><em>ἑξῆς</em></span> <span class='ocrx_word' id='word_1_45' title='bbox 1120 876 1183 936; x_wconf 88' lang='grc' dir='ltr'>μου</span> 
     </span>
     <span class='ocr_line' id='line_1_7' title="bbox 112 947 1183 1033; baseline 0.004 -16"><span class='ocrx_word' id='word_1_46' title='bbox 112 947 220 1028; x_wconf 76' lang='grc' dir='ltr'><strong><em>ποδός</em></strong></span> <span class='ocrx_word' id='word_1_47' title='bbox 234 971 297 1015; x_wconf 93' lang='lat' dir='ltr'>non</span> <span class='ocrx_word' id='word_1_48' title='bbox 312 962 442 1033; x_wconf 91' lang='lat' dir='ltr'>possunt</span> <span class='ocrx_word' id='word_1_49' title='bbox 456 972 519 1015; x_wconf 91' lang='lat' dir='ltr'>non</span> <span class='ocrx_word' id='word_1_50' title='bbox 535 957 572 1016; x_wconf 89' lang='lat' dir='ltr'>de</span> <span class='ocrx_word' id='word_1_51' title='bbox 586 956 671 1016; x_wconf 90' lang='lat' dir='ltr'>humi</span> <span class='ocrx_word' id='word_1_52' title='bbox 687 957 871 1017; x_wconf 82' lang='lat' dir='ltr'>considendo</span> <span class='ocrx_word' id='word_1_53' title='bbox 893 957 949 1018; x_wconf 89' lang='lat' dir='ltr'>dici</span> <span class='ocrx_word' id='word_1_54' title='bbox 973 960 1019 1020; x_wconf 89' lang='lat' dir='ltr'>veI</span> <span class='ocrx_word' id='word_1_55' title='bbox 1040 960 1076 1020; x_wconf 92' lang='lat' dir='ltr'>de</span> <span class='ocrx_word' id='word_1_56' title='bbox 1098 960 1183 1021; x_wconf 94' lang='lat' dir='ltr'>humi</span> 
     </span>
     <span class='ocr_line' id='line_1_8' title="bbox 113 1057 1183 1143; baseline 0.006 -25"><span class='ocrx_word' id='word_1_57' title='bbox 113 1057 293 1137; x_wconf 89' lang='lat' dir='ltr'>deponendo</span> <span class='ocrx_word' id='word_1_58' title='bbox 307 1057 443 1136; x_wconf 86' lang='lat' dir='ltr'>aliquem.</span> <span class='ocrx_word' id='word_1_59' title='bbox 467 1059 614 1119; x_wconf 80' lang='grc' dir='ltr'><strong><em>καθεῖσα</em></strong></span> <span class='ocrx_word' id='word_1_60' title='bbox 625 1059 1008 1123; x_wconf 87' lang='lat' dir='ltr'>coniecitHermannus.</span> <span class='ocrx_word' id='word_1_61' title='bbox 1043 1062 1183 1143; x_wconf 89' lang='lat' dir='ltr'>sedquae</span> 
     </span>
     <span class='ocr_line' id='line_1_9' title="bbox 111 1160 1182 1244; baseline 0.006 -22"><span class='ocrx_word' id='word_1_62' title='bbox 111 1160 221 1222; x_wconf 83' lang='lat' dir='ltr'>adiecit</span> <span class='ocrx_word' id='word_1_63' title='bbox 236 1160 466 1223; x_wconf 90' lang='lat' dir='ltr'>commendandi</span> <span class='ocrx_word' id='word_1_64' title='bbox 481 1180 578 1235; x_wconf 87' lang='lat' dir='ltr'>causa,</span> <span class='ocrx_word' id='word_1_65' title='bbox 595 1181 628 1223; x_wconf 91' lang='lat' dir='ltr'>ea</span> <span class='ocrx_word' id='word_1_66' title='bbox 651 1160 766 1223; x_wconf 86' lang='lat' dir='ltr'>tantum</span> <span class='ocrx_word' id='word_1_67' title='bbox 788 1162 872 1224; x_wconf 92' lang='lat' dir='ltr'>ahest</span> <span class='ocrx_word' id='word_1_68' title='bbox 892 1170 926 1223; x_wconf 92' lang='lat' dir='ltr'>ut</span> <span class='ocrx_word' id='word_1_69' title='bbox 945 1164 1074 1244; x_wconf 89' lang='lat' dir='ltr'>probent</span> <span class='ocrx_word' id='word_1_70' title='bbox 1095 1167 1182 1228; x_wconf 89' lang='lat' dir='ltr'>nobis</span> 
     </span>
     <span class='ocr_line' id='line_1_10' title="bbox 112 1263 1184 1345; baseline 0.006 -21"><span class='ocrx_word' id='word_1_71' title='bbox 112 1264 192 1325; x_wconf 91' lang='lat' dir='ltr'>hanc</span> <span class='ocrx_word' id='word_1_72' title='bbox 206 1263 411 1325; x_wconf 88' lang='lat' dir='ltr'>coniecturam</span> <span class='ocrx_word' id='word_1_73' title='bbox 427 1265 505 1325; x_wconf 92' lang='lat' dir='ltr'>utin</span> <span class='ocrx_word' id='word_1_74' title='bbox 521 1265 723 1345; x_wconf 81' lang='lat' dir='ltr'>suspicionem</span> <span class='ocrx_word' id='word_1_75' title='bbox 737 1265 837 1344; x_wconf 92' lang='lat' dir='ltr'>potius</span> <span class='ocrx_word' id='word_1_76' title='bbox 854 1285 919 1327; x_wconf 89' lang='lat' dir='ltr'>eam</span> <span class='ocrx_word' id='word_1_77' title='bbox 934 1278 1049 1329; x_wconf 87' lang='lat' dir='ltr'>vocent.</span> <span class='ocrx_word' id='word_1_78' title='bbox 1081 1270 1184 1330; x_wconf 85' lang='lat' dir='ltr'>statuit</span> 
     </span>
     <span class='ocr_line' id='line_1_11' title="bbox 117 1366 1184 1451; baseline 0.005 -23"><span class='ocrx_word' id='word_1_79' title='bbox 117 1366 200 1429; x_wconf 83' lang='lat' dir='ltr'>enIm</span> <span class='ocrx_word' id='word_1_80' title='bbox 217 1367 250 1427; x_wconf 92' lang='lat' dir='ltr'>in</span> <span class='ocrx_word' id='word_1_81' title='bbox 268 1374 409 1445; x_wconf 89' lang='lat' dir='ltr'>carpento</span> <span class='ocrx_word' id='word_1_82' title='bbox 432 1366 528 1428; x_wconf 84' lang='lat' dir='ltr'>adhuc</span> <span class='ocrx_word' id='word_1_83' title='bbox 548 1369 664 1429; x_wconf 90' lang='lat' dir='ltr'>sedenti</span> <span class='ocrx_word' id='word_1_84' title='bbox 684 1367 857 1446; x_wconf 82' lang='lat' dir='ltr'>Iphigeniae</span> <span class='ocrx_word' id='word_1_85' title='bbox 879 1370 1048 1450; x_wconf 81' lang='lat' dir='ltr'>praecipere</span> <span class='ocrx_word' id='word_1_86' title='bbox 1069 1371 1184 1451; x_wconf 81' lang='lat' dir='ltr'>Clytae-</span> 
     </span>
     <span class='ocr_line' id='line_1_12' title="bbox 112 1470 1183 1553; baseline 0.004 -22"><span class='ocrx_word' id='word_1_87' title='bbox 112 1478 279 1531; x_wconf 89' lang='lat' dir='ltr'>mnestram</span> <span class='ocrx_word' id='word_1_88' title='bbox 291 1476 324 1530; x_wconf 94' lang='lat' dir='ltr'>ut</span> <span class='ocrx_word' id='word_1_89' title='bbox 335 1488 459 1550; x_wconf 89' lang='lat' dir='ltr'>puerum</span> <span class='ocrx_word' id='word_1_90' title='bbox 473 1471 509 1531; x_wconf 88' lang='lat' dir='ltr'>ad</span> <span class='ocrx_word' id='word_1_91' title='bbox 520 1490 552 1532; x_wconf 90' lang='lat' dir='ltr'>se</span> <span class='ocrx_word' id='word_1_92' title='bbox 562 1470 705 1533; x_wconf 86' lang='lat' dir='ltr'>demittat.</span> <span class='ocrx_word' id='word_1_93' title='bbox 732 1477 761 1531; x_wconf 91' lang='lat' dir='ltr'>at</span> <span class='ocrx_word' id='word_1_94' title='bbox 773 1471 887 1532; x_wconf 91' lang='lat' dir='ltr'>dudum</span> <span class='ocrx_word' id='word_1_95' title='bbox 899 1472 956 1546; x_wconf 83' lang='lat' dir='ltr'>illa,</span> <span class='ocrx_word' id='word_1_96' title='bbox 972 1473 1001 1532; x_wconf 91' lang='lat' dir='ltr'>id</span> <span class='ocrx_word' id='word_1_97' title='bbox 1009 1475 1087 1553; x_wconf 92' lang='lat' dir='ltr'>quod</span> <span class='ocrx_word' id='word_1_98' title='bbox 1096 1475 1183 1535; x_wconf 87' lang='lat' dir='ltr'>etiam</span> 
     </span>
     <span class='ocr_line' id='line_1_13' title="bbox 110 1574 1184 1655; baseline 0.004 -20"><span class='ocrx_word' id='word_1_99' title='bbox 110 1574 333 1651; x_wconf 88' lang='lat' dir='ltr'>Hartungus</span> <span class='ocrx_word' id='word_1_100' title='bbox 348 1580 460 1655; x_wconf 86' lang='lat' dir='ltr'>monet,</span> <span class='ocrx_word' id='word_1_101' title='bbox 477 1580 560 1635; x_wconf 86' lang='lat' dir='ltr'>extra</span> <span class='ocrx_word' id='word_1_102' title='bbox 576 1582 750 1653; x_wconf 81' lang='lat' dir='ltr'>carpentum</span> <span class='ocrx_word' id='word_1_103' title='bbox 763 1581 898 1636; x_wconf 90' lang='lat' dir='ltr'>versatur</span> <span class='ocrx_word' id='word_1_104' title='bbox 910 1575 1030 1654; x_wconf 89' lang='lat' dir='ltr'>perinde</span> <span class='ocrx_word' id='word_1_105' title='bbox 1043 1596 1076 1637; x_wconf 92' lang='lat' dir='ltr'>ac</span> <span class='ocrx_word' id='word_1_106' title='bbox 1088 1586 1184 1640; x_wconf 88' lang='lat' dir='ltr'>mater</span> 
     </span>
     <span class='ocr_line' id='line_1_14' title="bbox 112 1676 1183 1756; baseline 0.002 -17"><span class='ocrx_word' id='word_1_107' title='bbox 112 1686 143 1739; x_wconf 90' lang='lat' dir='ltr'>et</span> <span class='ocrx_word' id='word_1_108' title='bbox 158 1680 267 1749; x_wconf 82' lang='lat' dir='ltr'>irater,</span> <span class='ocrx_word' id='word_1_109' title='bbox 291 1676 370 1736; x_wconf 92' lang='lat' dir='ltr'>unde</span> <span class='ocrx_word' id='word_1_110' title='bbox 391 1676 524 1755; x_wconf 88' lang='lat' dir='ltr'>sequitur</span> <span class='ocrx_word' id='word_1_111' title='bbox 547 1685 581 1738; x_wconf 91' lang='lat' dir='ltr'>ut</span> <span class='ocrx_word' id='word_1_112' title='bbox 602 1695 640 1737; x_wconf 93' lang='lat' dir='ltr'>ne</span> <span class='ocrx_word' id='word_1_113' title='bbox 660 1696 736 1756; x_wconf 89' lang='lat' dir='ltr'>puer</span> <span class='ocrx_word' id='word_1_114' title='bbox 756 1677 876 1756; x_wconf 89' lang='lat' dir='ltr'>quidem</span> <span class='ocrx_word' id='word_1_115' title='bbox 897 1678 934 1738; x_wconf 91' lang='lat' dir='ltr'>de</span> <span class='ocrx_word' id='word_1_116' title='bbox 955 1697 1045 1739; x_wconf 87' lang='lat' dir='ltr'>curru</span> <span class='ocrx_word' id='word_1_117' title='bbox 1068 1681 1183 1742; x_wconf 85' lang='lat' dir='ltr'>demitti</span> 
     </span>
     <span class='ocr_line' id='line_1_15' title="bbox 110 1775 1183 1862; baseline 0.005 -23"><span class='ocrx_word' id='word_1_118' title='bbox 110 1779 219 1860; x_wconf 90' lang='lat' dir='ltr'>possit.</span> <span class='ocrx_word' id='word_1_119' title='bbox 253 1778 323 1858; x_wconf 90' lang='lat' dir='ltr'>quid</span> <span class='ocrx_word' id='word_1_120' title='bbox 358 1775 462 1839; x_wconf 77' lang='lat' dir='ltr'>nuuc?</span> <span class='ocrx_word' id='word_1_121' title='bbox 494 1779 525 1841; x_wconf 91' lang='lat' dir='ltr'>in</span> <span class='ocrx_word' id='word_1_122' title='bbox 546 1779 683 1841; x_wconf 89' lang='lat' dir='ltr'>manibus</span> <span class='ocrx_word' id='word_1_123' title='bbox 703 1780 873 1859; x_wconf 84' lang='lat' dir='ltr'>Iphigeniae</span> <span class='ocrx_word' id='word_1_124' title='bbox 893 1799 1019 1861; x_wconf 91' lang='lat' dir='ltr'>puerum</span> <span class='ocrx_word' id='word_1_125' title='bbox 1040 1801 1105 1843; x_wconf 86' lang='lat' dir='ltr'>esse</span> <span class='ocrx_word' id='word_1_126' title='bbox 1125 1803 1183 1862; x_wconf 93' lang='lat' dir='ltr'>pu-</span> 
     </span>
     <span class='ocr_line' id='line_1_16' title="bbox 110 1881 1182 1963; baseline 0.003 -19"><span class='ocrx_word' id='word_1_127' title='bbox 110 1890 224 1956; x_wconf 77' lang='lat' dir='ltr'>temus,</span> <span class='ocrx_word' id='word_1_128' title='bbox 241 1900 331 1961; x_wconf 87' lang='lat' dir='ltr'>quem</span> <span class='ocrx_word' id='word_1_129' title='bbox 346 1898 428 1942; x_wconf 91' lang='lat' dir='ltr'>nune</span> <span class='ocrx_word' id='word_1_130' title='bbox 442 1881 474 1942; x_wconf 93' lang='lat' dir='ltr'>in</span> <span class='ocrx_word' id='word_1_131' title='bbox 489 1884 614 1945; x_wconf 91' lang='lat' dir='ltr'>humum</span> <span class='ocrx_word' id='word_1_132' title='bbox 632 1883 733 1944; x_wconf 85' lang='lat' dir='ltr'>matris</span> <span class='ocrx_word' id='word_1_133' title='bbox 748 1883 783 1944; x_wconf 91' lang='lat' dir='ltr'>ad</span> <span class='ocrx_word' id='word_1_134' title='bbox 805 1883 897 1963; x_wconf 92' lang='lat' dir='ltr'>pedes</span> <span class='ocrx_word' id='word_1_135' title='bbox 919 1885 1076 1947; x_wconf 84' lang='lat' dir='ltr'>demittere</span> <span class='ocrx_word' id='word_1_136' title='bbox 1097 1885 1182 1947; x_wconf 92' lang='lat' dir='ltr'>iuhe-</span> 
     </span>
     <span class='ocr_line' id='line_1_17' title="bbox 111 1982 1183 2069; baseline 0.001 -20"><span class='ocrx_word' id='word_1_137' title='bbox 111 1982 202 2049; x_wconf 79' lang='lat' dir='ltr'>atur?</span> <span class='ocrx_word' id='word_1_138' title='bbox 232 1992 262 2046; x_wconf 91' lang='lat' dir='ltr'>at</span> <span class='ocrx_word' id='word_1_139' title='bbox 283 1991 420 2046; x_wconf 88' lang='lat' dir='ltr'>teneram</span> <span class='ocrx_word' id='word_1_140' title='bbox 434 1985 578 2064; x_wconf 88' lang='lat' dir='ltr'>virginem</span> <span class='ocrx_word' id='word_1_141' title='bbox 593 1987 692 2067; x_wconf 91' lang='lat' dir='ltr'>potius</span> <span class='ocrx_word' id='word_1_142' title='bbox 707 2004 796 2066; x_wconf 89' lang='lat' dir='ltr'>quam</span> <span class='ocrx_word' id='word_1_143' title='bbox 812 1987 960 2049; x_wconf 87' lang='lat' dir='ltr'>nutricem</span> <span class='ocrx_word' id='word_1_144' title='bbox 976 2007 1092 2049; x_wconf 90' lang='lat' dir='ltr'>servam</span> <span class='ocrx_word' id='word_1_145' title='bbox 1107 2009 1183 2069; x_wconf 88' lang='lat' dir='ltr'>pue-</span> 
     </span>
     <span class='ocr_line' id='line_1_18' title="bbox 109 2087 1181 2168; baseline 0.005 -18"><span class='ocrx_word' id='word_1_146' title='bbox 109 2106 180 2150; x_wconf 92' lang='lat' dir='ltr'>rum</span> <span class='ocrx_word' id='word_1_147' title='bbox 195 2094 331 2168; x_wconf 87' lang='lat' dir='ltr'>portasse</span> <span class='ocrx_word' id='word_1_148' title='bbox 346 2087 411 2168; x_wconf 87' lang='lat' dir='ltr'>quis</span> <span class='ocrx_word' id='word_1_149' title='bbox 428 2087 549 2151; x_wconf 74' lang='lat' dir='ltr'>credat?</span> <span class='ocrx_word' id='word_1_150' title='bbox 581 2097 610 2150; x_wconf 91' lang='lat' dir='ltr'>et</span> <span class='ocrx_word' id='word_1_151' title='bbox 625 2107 714 2168; x_wconf 90' lang='lat' dir='ltr'>supra</span> <span class='ocrx_word' id='word_1_152' title='bbox 730 2108 831 2151; x_wconf 88' lang='lat' dir='ltr'>nonne</span> <span class='ocrx_word' id='word_1_153' title='bbox 847 2090 883 2152; x_wconf 87' lang='lat' dir='ltr'>ah</span> <span class='ocrx_word' id='word_1_154' title='bbox 900 2109 960 2152; x_wconf 87' lang='lat' dir='ltr'>una</span> <span class='ocrx_word' id='word_1_155' title='bbox 982 2111 1018 2153; x_wconf 83' lang='lat' dir='ltr'>er</span> <span class='ocrx_word' id='word_1_156' title='bbox 1041 2093 1181 2155; x_wconf 83' lang='lat' dir='ltr'>servabas</span> 
     </span>
     <span class='ocr_line' id='line_1_19' title="bbox 109 2190 1182 2276; baseline 0.004 -23"><span class='ocrx_word' id='word_1_157' title='bbox 109 2192 197 2253; x_wconf 91' lang='lat' dir='ltr'>illum</span> <span class='ocrx_word' id='word_1_158' title='bbox 221 2197 377 2270; x_wconf 86' lang='lat' dir='ltr'>exceptum</span> <span class='ocrx_word' id='word_1_159' title='bbox 403 2210 469 2254; x_wconf 88' lang='lat' dir='ltr'>esse</span> <span class='ocrx_word' id='word_1_160' title='bbox 495 2190 645 2254; x_wconf 80' lang='lat' dir='ltr'>vidimus?</span> <span class='ocrx_word' id='word_1_161' title='bbox 681 2211 751 2271; x_wconf 86' lang='lat' dir='ltr'>ergo</span> <span class='ocrx_word' id='word_1_162' title='bbox 773 2211 812 2254; x_wconf 91' lang='lat' dir='ltr'>ne</span> <span class='ocrx_word' id='word_1_163' title='bbox 832 2194 1040 2258; x_wconf 89' lang='lat' dir='ltr'>Hermaunum</span> <span class='ocrx_word' id='word_1_164' title='bbox 1062 2196 1182 2276; x_wconf 87' lang='lat' dir='ltr'>quidem</span> 
     </span>
     <span class='ocr_line' id='line_1_20' title="bbox 111 2292 327 2374; baseline -0.005 -18"><span class='ocrx_word' id='word_1_165' title='bbox 111 2293 201 2374; x_wconf 85' lang='lat' dir='ltr'>sequi</span> <span class='ocrx_word' id='word_1_166' title='bbox 216 2292 327 2355; x_wconf 89' lang='lat' dir='ltr'>Iicehit.</span> 
     </span>
    </p>

    <p class='ocr_par' dir='ltr' id='par_1_3' title="bbox 104 2396 1183 3907">
     <span class='ocr_line' id='line_1_21' title="bbox 198 2396 1183 2479; baseline 0.007 -23"><span class='ocrx_word' id='word_1_167' title='bbox 198 2396 321 2458; x_wconf 87' lang='lat' dir='ltr'>Frustra</span> <span class='ocrx_word' id='word_1_168' title='bbox 337 2396 427 2476; x_wconf 90' lang='lat' dir='ltr'>igitur</span> <span class='ocrx_word' id='word_1_169' title='bbox 440 2397 494 2458; x_wconf 85' lang='lat' dir='ltr'>viri</span> <span class='ocrx_word' id='word_1_170' title='bbox 510 2397 589 2459; x_wconf 89' lang='lat' dir='ltr'>docti</span> <span class='ocrx_word' id='word_1_171' title='bbox 601 2415 721 2478; x_wconf 89' lang='lat' dir='ltr'>operam</span> <span class='ocrx_word' id='word_1_172' title='bbox 734 2408 997 2479; x_wconf 89' lang='lat' dir='ltr'>consumpserunt.</span> <span class='ocrx_word' id='word_1_173' title='bbox 1032 2400 1091 2462; x_wconf 90' lang='lat' dir='ltr'>sive</span> <span class='ocrx_word' id='word_1_174' title='bbox 1104 2401 1183 2463; x_wconf 89' lang='lat' dir='ltr'>enim</span> 
     </span>
     <span class='ocr_line' id='line_1_22' title="bbox 113 2493 1182 2584; baseline 0.001 -21"><span class='ocrx_word' id='word_1_175' title='bbox 113 2493 249 2584; x_wconf 81' lang='grc' dir='ltr'><strong><em>κάθησο</em></strong></span> <span class='ocrx_word' id='word_1_176' title='bbox 269 2499 437 2561; x_wconf 87' lang='lat' dir='ltr'>retinemus</span> <span class='ocrx_word' id='word_1_177' title='bbox 457 2501 519 2562; x_wconf 84' lang='lat' dir='ltr'>sIve</span> <span class='ocrx_word' id='word_1_178' title='bbox 540 2499 685 2562; x_wconf 87' lang='grc' dir='ltr'><strong><em>καθεῖσα</em></strong></span> <span class='ocrx_word' id='word_1_179' title='bbox 705 2501 877 2572; x_wconf 82' lang='lat' dir='ltr'>scribimus,</span> <span class='ocrx_word' id='word_1_180' title='bbox 899 2510 932 2563; x_wconf 86' lang='lat' dir='ltr'>ut</span> <span class='ocrx_word' id='word_1_181' title='bbox 952 2511 1067 2564; x_wconf 87' lang='lat' dir='ltr'>taceam</span> <span class='ocrx_word' id='word_1_182' title='bbox 1088 2503 1125 2564; x_wconf 91' lang='lat' dir='ltr'>de</span> <span class='ocrx_word' id='word_1_183' title='bbox 1147 2523 1182 2565; x_wconf 90' lang='lat' dir='ltr'>eo</span> 
     </span>
     <span class='ocr_line' id='line_1_23' title="bbox 112 2598 1182 2685; baseline 0.003 -21"><span class='ocrx_word' id='word_1_184' title='bbox 112 2603 195 2685; x_wconf 87' lang='lat' dir='ltr'>qued</span> <span class='ocrx_word' id='word_1_185' title='bbox 211 2603 293 2664; x_wconf 86' lang='lat' dir='ltr'>nullo</span> <span class='ocrx_word' id='word_1_186' title='bbox 309 2603 398 2664; x_wconf 90' lang='lat' dir='ltr'>modo</span> <span class='ocrx_word' id='word_1_187' title='bbox 414 2603 484 2664; x_wconf 85' lang='lat' dir='ltr'>ferri</span> <span class='ocrx_word' id='word_1_188' title='bbox 499 2609 606 2683; x_wconf 88' lang='lat' dir='ltr'>potest,</span> <span class='ocrx_word' id='word_1_189' title='bbox 622 2598 789 2681; x_wconf 72' lang='grc' dir='ltr'><strong><em>καθίστα,</em></strong></span> <span class='ocrx_word' id='word_1_190' title='bbox 811 2611 846 2665; x_wconf 94' lang='lat' dir='ltr'>ut</span> <span class='ocrx_word' id='word_1_191' title='bbox 867 2605 959 2666; x_wconf 91' lang='lat' dir='ltr'>artius</span> <span class='ocrx_word' id='word_1_192' title='bbox 979 2605 1059 2666; x_wconf 91' lang='lat' dir='ltr'>inter</span> <span class='ocrx_word' id='word_1_193' title='bbox 1079 2625 1110 2666; x_wconf 92' lang='lat' dir='ltr'>se</span> <span class='ocrx_word' id='word_1_194' title='bbox 1131 2625 1182 2667; x_wconf 89' lang='lat' dir='ltr'>eo-</span> 
     </span>
     <span class='ocr_line' id='line_1_24' title="bbox 111 2705 1182 2789; baseline -0.001 -19"><span class='ocrx_word' id='word_1_195' title='bbox 111 2710 258 2770; x_wconf 89' lang='lat' dir='ltr'>haereant</span> <span class='ocrx_word' id='word_1_196' title='bbox 272 2707 332 2768; x_wconf 91' lang='lat' dir='ltr'>duo</span> <span class='ocrx_word' id='word_1_197' title='bbox 348 2705 389 2766; x_wconf 90' lang='lat' dir='ltr'>illi</span> <span class='ocrx_word' id='word_1_198' title='bbox 406 2724 508 2767; x_wconf 88' lang='lat' dir='ltr'>versus</span> <span class='ocrx_word' id='word_1_199' title='bbox 525 2723 587 2767; x_wconf 92' lang='lat' dir='ltr'>non</span> <span class='ocrx_word' id='word_1_200' title='bbox 603 2706 757 2767; x_wconf 89' lang='lat' dir='ltr'>efficimus.</span> <span class='ocrx_word' id='word_1_201' title='bbox 791 2707 872 2787; x_wconf 91' lang='lat' dir='ltr'>atqui</span> <span class='ocrx_word' id='word_1_202' title='bbox 888 2727 1002 2769; x_wconf 87' lang='lat' dir='ltr'>cumea</span> <span class='ocrx_word' id='word_1_203' title='bbox 1020 2717 1182 2789; x_wconf 89' lang='lat' dir='ltr'>quaesunt</span> 
     </span>
     <span class='ocr_line' id='line_1_25' title="bbox 111 2801 1182 2895; baseline 0.001 -21"><span class='ocrx_word' id='word_1_204' title='bbox 111 2803 191 2895; x_wconf 79' lang='grc' dir='ltr'>ἑξῆς</span> <span class='ocrx_word' id='word_1_205' title='bbox 204 2830 269 2890; x_wconf 83' lang='grc' dir='ltr'>μου</span> <span class='ocrx_word' id='word_1_206' title='bbox 284 2801 389 2883; x_wconf 77' lang='grc' dir='ltr'><strong><em>ποδός</em></strong></span> <span class='ocrx_word' id='word_1_207' title='bbox 403 2810 475 2870; x_wconf 91' lang='lat' dir='ltr'>satis</span> <span class='ocrx_word' id='word_1_208' title='bbox 488 2818 589 2890; x_wconf 90' lang='lat' dir='ltr'>aperte</span> <span class='ocrx_word' id='word_1_209' title='bbox 605 2811 732 2871; x_wconf 91' lang='lat' dir='ltr'>doceant</span> <span class='ocrx_word' id='word_1_210' title='bbox 748 2810 795 2871; x_wconf 81' lang='lat' dir='ltr'>vir</span> <span class='ocrx_word' id='word_1_211' title='bbox 807 2810 884 2872; x_wconf 87' lang='lat' dir='ltr'>aliud</span> <span class='ocrx_word' id='word_1_212' title='bbox 898 2811 1055 2892; x_wconf 90' lang='lat' dir='ltr'>quicquam</span> <span class='ocrx_word' id='word_1_213' title='bbox 1068 2832 1084 2874; x_wconf 92' lang='lat' dir='ltr'>a</span> <span class='ocrx_word' id='word_1_214' title='bbox 1095 2821 1182 2893; x_wconf 90' lang='lat' dir='ltr'>poeta</span> 
     </span>
     <span class='ocr_line' id='line_1_26' title="bbox 112 2913 1180 2997; baseline -0.001 -19"><span class='ocrx_word' id='word_1_215' title='bbox 112 2915 257 2997; x_wconf 87' lang='lat' dir='ltr'>scriptum</span> <span class='ocrx_word' id='word_1_216' title='bbox 274 2914 365 2976; x_wconf 80' lang='lat' dir='ltr'>fuisse</span> <span class='ocrx_word' id='word_1_217' title='bbox 381 2933 468 2994; x_wconf 88' lang='lat' dir='ltr'>quam</span> <span class='ocrx_word' id='word_1_218' title='bbox 486 2914 609 2975; x_wconf 91' lang='lat' dir='ltr'>verhum</span> <span class='ocrx_word' id='word_1_219' title='bbox 626 2913 742 2994; x_wconf 89' lang='lat' dir='ltr'>aliquod</span> <span class='ocrx_word' id='word_1_220' title='bbox 759 2914 842 2976; x_wconf 91' lang='lat' dir='ltr'>cuius</span> <span class='ocrx_word' id='word_1_221' title='bbox 858 2915 941 2976; x_wconf 89' lang='lat' dir='ltr'>notio</span> <span class='ocrx_word' id='word_1_222' title='bbox 963 2916 1096 2995; x_wconf 83' lang='lat' dir='ltr'>proxima</span> <span class='ocrx_word' id='word_1_223' title='bbox 1112 2916 1180 2978; x_wconf 90' lang='lat' dir='ltr'>sita</span> 
     </span>
     <span class='ocr_line' id='line_1_27' title="bbox 113 3017 1181 3101; baseline 0.001 -20"><span class='ocrx_word' id='word_1_224' title='bbox 113 3019 247 3101; x_wconf 89' lang='lat' dir='ltr'>ponendi</span> <span class='ocrx_word' id='word_1_225' title='bbox 268 3018 314 3079; x_wconf 90' lang='lat' dir='ltr'>veI</span> <span class='ocrx_word' id='word_1_226' title='bbox 334 3017 507 3080; x_wconf 91' lang='lat' dir='ltr'>considendi</span> <span class='ocrx_word' id='word_1_227' title='bbox 529 3017 666 3090; x_wconf 88' lang='lat' dir='ltr'>notione,</span> <span class='ocrx_word' id='word_1_228' title='bbox 687 3036 749 3079; x_wconf 91' lang='lat' dir='ltr'>non</span> <span class='ocrx_word' id='word_1_229' title='bbox 776 3018 886 3080; x_wconf 91' lang='lat' dir='ltr'>diutius</span> <span class='ocrx_word' id='word_1_230' title='bbox 913 3019 1019 3099; x_wconf 92' lang='lat' dir='ltr'>opinor</span> <span class='ocrx_word' id='word_1_231' title='bbox 1047 3020 1181 3082; x_wconf 87' lang='lat' dir='ltr'>dubitare</span> 
     </span>
     <span class='ocr_line' id='line_1_28' title="bbox 112 3121 1180 3202; baseline -0.001 -17"><span class='ocrx_word' id='word_1_232' title='bbox 112 3124 184 3185; x_wconf 87' lang='lat' dir='ltr'>licet</span> <span class='ocrx_word' id='word_1_233' title='bbox 199 3122 272 3202; x_wconf 91' lang='lat' dir='ltr'>quin</span> <span class='ocrx_word' id='word_1_234' title='bbox 287 3140 389 3183; x_wconf 85' lang='lat' dir='ltr'>versus</span> <span class='ocrx_word' id='word_1_235' title='bbox 405 3121 446 3183; x_wconf 93' lang='lat' dir='ltr'>illi</span> <span class='ocrx_word' id='word_1_236' title='bbox 468 3121 591 3183; x_wconf 89' lang='lat' dir='ltr'>omnino</span> <span class='ocrx_word' id='word_1_237' title='bbox 613 3140 767 3201; x_wconf 92' lang='lat' dir='ltr'>nunquam</span> <span class='ocrx_word' id='word_1_238' title='bbox 788 3141 856 3182; x_wconf 82' lang='lat' dir='ltr'>vere</span> <span class='ocrx_word' id='word_1_239' title='bbox 876 3122 956 3183; x_wconf 89' lang='lat' dir='ltr'>inter</span> <span class='ocrx_word' id='word_1_240' title='bbox 976 3142 1008 3183; x_wconf 88' lang='lat' dir='ltr'>se</span> <span class='ocrx_word' id='word_1_241' title='bbox 1028 3123 1180 3184; x_wconf 89' lang='lat' dir='ltr'>coniuncti</span> 
     </span>
     <span class='ocr_line' id='line_1_29' title="bbox 112 3224 1181 3305; baseline -0.002 -16"><span class='ocrx_word' id='word_1_242' title='bbox 112 3225 237 3289; x_wconf 82' lang='lat' dir='ltr'>fuerint.</span> <span class='ocrx_word' id='word_1_243' title='bbox 271 3244 305 3285; x_wconf 91' lang='lat' dir='ltr'>ae</span> <span class='ocrx_word' id='word_1_244' title='bbox 319 3243 436 3286; x_wconf 85' lang='lat' dir='ltr'>versum</span> <span class='ocrx_word' id='word_1_245' title='bbox 452 3225 573 3304; x_wconf 91' lang='lat' dir='ltr'>quidem</span> <span class='ocrx_word' id='word_1_246' title='bbox 588 3225 729 3304; x_wconf 86' lang='lat' dir='ltr'>priorem,</span> <span class='ocrx_word' id='word_1_247' title='bbox 744 3225 837 3305; x_wconf 90' lang='lat' dir='ltr'>qualis</span> <span class='ocrx_word' id='word_1_248' title='bbox 853 3242 906 3304; x_wconf 90' lang='lat' dir='ltr'>per</span> <span class='ocrx_word' id='word_1_249' title='bbox 916 3224 1005 3285; x_wconf 89' lang='lat' dir='ltr'>Iihros</span> <span class='ocrx_word' id='word_1_250' title='bbox 1017 3225 1104 3286; x_wconf 90' lang='lat' dir='ltr'>nohis</span> <span class='ocrx_word' id='word_1_251' title='bbox 1119 3232 1181 3287; x_wconf 90' lang='lat' dir='ltr'>tra-</span> 
     </span>
     <span class='ocr_line' id='line_1_30' title="bbox 104 3318 1181 3407; baseline -0.001 -17"><span class='ocrx_word' id='word_1_252' title='bbox 104 3318 291 3402; x_wconf 56' lang='lat' dir='ltr'>&#39;ditur‚&#39;cum</span> <span class='ocrx_word' id='word_1_253' title='bbox 306 3347 339 3389; x_wconf 91' lang='lat' dir='ltr'>ea</span> <span class='ocrx_word' id='word_1_254' title='bbox 355 3346 430 3407; x_wconf 91' lang='lat' dir='ltr'>quae</span> <span class='ocrx_word' id='word_1_255' title='bbox 445 3328 578 3406; x_wconf 81' lang='lat' dir='ltr'>proxime</span> <span class='ocrx_word' id='word_1_256' title='bbox 594 3327 776 3388; x_wconf 88' lang='lat' dir='ltr'>antecedunt</span> <span class='ocrx_word' id='word_1_257' title='bbox 796 3326 907 3406; x_wconf 89' lang='lat' dir='ltr'>optime</span> <span class='ocrx_word' id='word_1_258' title='bbox 928 3346 995 3388; x_wconf 91' lang='lat' dir='ltr'>cum</span> <span class='ocrx_word' id='word_1_259' title='bbox 1017 3346 1051 3387; x_wconf 90' lang='lat' dir='ltr'>ec</span> <span class='ocrx_word' id='word_1_260' title='bbox 1072 3327 1181 3389; x_wconf 88' lang='lat' dir='ltr'>cohae-</span> 
     </span>
     <span class='ocr_line' id='line_1_31' title="bbox 114 3430 1180 3512; baseline -0.003 -17"><span class='ocrx_word' id='word_1_261' title='bbox 114 3439 209 3504; x_wconf 72' lang='lat' dir='ltr'>reant,</span> <span class='ocrx_word' id='word_1_262' title='bbox 225 3449 279 3510; x_wconf 88' lang='lat' dir='ltr'>ego</span> <span class='ocrx_word' id='word_1_263' title='bbox 295 3431 416 3512; x_wconf 90' lang='lat' dir='ltr'>quidem</span> <span class='ocrx_word' id='word_1_264' title='bbox 431 3448 492 3491; x_wconf 91' lang='lat' dir='ltr'>non</span> <span class='ocrx_word' id='word_1_265' title='bbox 507 3450 632 3511; x_wconf 88' lang='lat' dir='ltr'>possum</span> <span class='ocrx_word' id='word_1_266' title='bbox 647 3448 709 3492; x_wconf 90' lang='lat' dir='ltr'>non</span> <span class='ocrx_word' id='word_1_267' title='bbox 725 3430 887 3508; x_wconf 87' lang='lat' dir='ltr'>genuinum</span> <span class='ocrx_word' id='word_1_268' title='bbox 909 3437 1022 3510; x_wconf 83' lang='lat' dir='ltr'>putare.</span> <span class='ocrx_word' id='word_1_269' title='bbox 1061 3448 1180 3492; x_wconf 89' lang='lat' dir='ltr'>versum</span> 
     </span>
     <span class='ocr_line' id='line_1_32' title="bbox 114 3533 1181 3614; baseline -0.003 -16"><span class='ocrx_word' id='word_1_270' title='bbox 114 3543 214 3598; x_wconf 89' lang='lat' dir='ltr'>autem</span> <span class='ocrx_word' id='word_1_271' title='bbox 229 3536 354 3596; x_wconf 90' lang='lat' dir='ltr'>alterum</span> <span class='ocrx_word' id='word_1_272' title='bbox 371 3542 422 3596; x_wconf 89' lang='lat' dir='ltr'>aut</span> <span class='ocrx_word' id='word_1_273' title='bbox 435 3535 558 3596; x_wconf 90' lang='lat' dir='ltr'>lacunae</span> <span class='ocrx_word' id='word_1_274' title='bbox 573 3534 810 3614; x_wconf 88' lang='lat' dir='ltr'>compensandae</span> <span class='ocrx_word' id='word_1_275' title='bbox 823 3553 908 3595; x_wconf 87' lang='lat' dir='ltr'>causa</span> <span class='ocrx_word' id='word_1_276' title='bbox 921 3533 956 3594; x_wconf 92' lang='lat' dir='ltr'>ah</span> <span class='ocrx_word' id='word_1_277' title='bbox 969 3533 1181 3612; x_wconf 88' lang='lat' dir='ltr'>iuterpolatore</span> 
     </span>
     <span class='ocr_line' id='line_1_33' title="bbox 114 3636 1179 3718; baseline -0.003 -17"><span class='ocrx_word' id='word_1_278' title='bbox 114 3641 226 3702; x_wconf 83' lang='lat' dir='ltr'>Iactum</span> <span class='ocrx_word' id='word_1_279' title='bbox 243 3639 280 3699; x_wconf 91' lang='lat' dir='ltr'>de</span> <span class='ocrx_word' id='word_1_280' title='bbox 296 3637 441 3698; x_wconf 89' lang='lat' dir='ltr'>industria</span> <span class='ocrx_word' id='word_1_281' title='bbox 456 3637 549 3718; x_wconf 90' lang='lat' dir='ltr'>priori</span> <span class='ocrx_word' id='word_1_282' title='bbox 570 3637 742 3699; x_wconf 91' lang='lat' dir='ltr'>adiunctum</span> <span class='ocrx_word' id='word_1_283' title='bbox 764 3645 816 3698; x_wconf 87' lang='lat' dir='ltr'>aut</span> <span class='ocrx_word' id='word_1_284' title='bbox 836 3636 1000 3716; x_wconf 89' lang='lat' dir='ltr'>genuinum</span> <span class='ocrx_word' id='word_1_285' title='bbox 1022 3644 1179 3718; x_wconf 91' lang='lat' dir='ltr'>postquam</span> 
     </span>
     <span class='ocr_line' id='line_1_34' title="bbox 114 3739 1180 3821; baseline -0.002 -17"><span class='ocrx_word' id='word_1_286' title='bbox 114 3742 169 3804; x_wconf 87' lang='lat' dir='ltr'>aha</span> <span class='ocrx_word' id='word_1_287' title='bbox 185 3742 289 3804; x_wconf 89' lang='lat' dir='ltr'>lacuna</span> <span class='ocrx_word' id='word_1_288' title='bbox 304 3742 364 3802; x_wconf 89' lang='lat' dir='ltr'>sint</span> <span class='ocrx_word' id='word_1_289' title='bbox 380 3741 521 3802; x_wconf 85' lang='lat' dir='ltr'>exhausta</span> <span class='ocrx_word' id='word_1_290' title='bbox 536 3741 636 3821; x_wconf 91' lang='lat' dir='ltr'>iniqua</span> <span class='ocrx_word' id='word_1_291' title='bbox 652 3742 771 3802; x_wconf 81' lang='lat' dir='ltr'>fortuna</span> <span class='ocrx_word' id='word_1_292' title='bbox 788 3740 872 3801; x_wconf 91' lang='lat' dir='ltr'>alteri</span> <span class='ocrx_word' id='word_1_293' title='bbox 885 3739 1046 3801; x_wconf 90' lang='lat' dir='ltr'>finitimum</span> <span class='ocrx_word' id='word_1_294' title='bbox 1068 3741 1180 3802; x_wconf 85' lang='lat' dir='ltr'>factum</span> 
     </span>
     <span class='ocr_line' id='line_1_35' title="bbox 116 3844 469 3907; baseline -0.008 0"><span class='ocrx_word' id='word_1_295' title='bbox 116 3864 183 3907; x_wconf 85' lang='lat' dir='ltr'>esse</span> <span class='ocrx_word' id='word_1_296' title='bbox 198 3845 388 3907; x_wconf 87' lang='lat' dir='ltr'>statuendum</span> <span class='ocrx_word' id='word_1_297' title='bbox 406 3844 469 3905; x_wconf 88' lang='lat' dir='ltr'>erit.</span> 
     </span>
    </p>

    <p class='ocr_par' dir='ltr' id='par_1_4' title="bbox 201 3945 1180 4029">
     <span class='ocr_line' id='line_1_36' title="bbox 201 3945 1180 4029; baseline -0.006 -19"><span class='ocrx_word' id='word_1_298' title='bbox 201 3948 262 4010; x_wconf 92' lang='lat' dir='ltr'>Nec</span> <span class='ocrx_word' id='word_1_299' title='bbox 273 3947 370 4027; x_wconf 86' lang='lat' dir='ltr'>magis</span> <span class='ocrx_word' id='word_1_300' title='bbox 386 3966 475 4029; x_wconf 91' lang='lat' dir='ltr'>quam</span> <span class='ocrx_word' id='word_1_301' title='bbox 490 3966 558 4008; x_wconf 90' lang='lat' dir='ltr'>eum</span> <span class='ocrx_word' id='word_1_302' title='bbox 575 3966 611 4025; x_wconf 85' lang='lat' dir='ltr'>eq</span> <span class='ocrx_word' id='word_1_303' title='bbox 626 3947 677 4027; x_wconf 93' lang='lat' dir='ltr'>qui</span> <span class='ocrx_word' id='word_1_304' title='bbox 693 3945 838 4008; x_wconf 86' lang='lat' dir='ltr'>antecedit</span> <span class='ocrx_word' id='word_1_305' title='bbox 854 3963 957 4008; x_wconf 90' lang='lat' dir='ltr'>versus</span> <span class='ocrx_word' id='word_1_306' title='bbox 972 3945 1044 4008; x_wconf 79' lang='lat'>628.</span> <span class='ocrx_word' id='word_1_307' title='bbox 1060 3962 1128 4006; x_wconf 91' lang='lat' dir='ltr'>cum</span> <span class='ocrx_word' id='word_1_308' title='bbox 1145 3963 1180 4004; x_wconf 87' lang='lat' dir='ltr'>ea</span> 
     </span>
    </p>
   </div>
   <div class='ocr_carea' id='block_1_3' title="bbox 0 0 1301 4522">
    <p class='ocr_par' dir='ltr' id='par_1_5' title="bbox 0 0 1301 4522">
     <span class='ocr_line' id='line_1_37' title="bbox 0 0 1301 4522; baseline 0 0"><span class='ocrx_word' id='word_1_309' title='bbox 0 0 1301 4522; x_wconf 95' lang='lat' dir='ltr'> </span> 
     </span>
    </p>
   </div>
  </div>
 </body>
</html>
