2588 4522
540 299 752 359 „md

110 478 141 531 et
160 467 368 549 imperfectam
388 469 465 531 hanc
486 468 616 531 fabulam
638 469 674 530 ab
696 469 836 550 Euripide
858 471 990 533 relictam
1011 492 1077 533 esse
1098 474 1182 533 rolu-

111 581 202 637 erunt
217 591 320 634 rernm
336 572 425 634 etiam
441 573 649 652 complurium,
663 593 724 635 non
739 574 829 635 unius
846 573 990 649 homnis,
1015 595 1105 655 opera
1120 584 1182 638 sta-

112 685 235 740 tuerunt
252 695 318 738 eam
333 683 449 737 nactam
470 694 536 736 esse
563 676 690 737 formam
718 696 793 756 quae
819 676 850 737 in
878 679 990 740 nostris
1018 687 1064 739 est
1089 679 1180 740 libris.

109 800 216 845 ansam
230 782 304 842 haec
319 778 469 841 statuendi
492 780 564 859 quin
587 779 817 841 Matthiaeus
840 781 896 842 illis
917 782 1033 843 dederit
1054 801 1116 844 non
1137 790 1183 844 est

110 886 247 957 dubium,
263 884 315 945 sed
330 901 437 962 parum
452 882 508 943 sibi
523 891 664 944 constans
687 883 745 944 fuit
765 883 811 944 ille
834 903 869 944 eo
899 885 979 965 quod
1002 886 1131 947 fabulam
1152 896 1182 948 et

110 997 208 1051 actam
224 986 366 1067 Euripide
382 986 498 1046 minore
513 993 638 1047 curante
654 993 683 1047 et
705 995 765 1047 tam
784 1005 891 1065 parum
912 988 1093 1049 elaboratam
1114 1009 1181 1051 esse

108 1091 225 1173 putavit
238 1097 273 1151 ut
286 1089 416 1169 posteris
433 1088 618 1169 temporibus
633 1108 710 1169 quae
726 1089 829 1151 deesse
847 1091 905 1152 visa
922 1099 1021 1152 essent
1037 1091 1085 1152 alii
1097 1092 1182 1154 aliter

110 1191 369 1275 explevissent⁷⁶).
404 1211 441 1254 an
463 1210 532 1253 vere
555 1193 656 1254 credas
677 1192 877 1254 Athenienses
899 1200 959 1255 tam
986 1214 1092 1275 parum
1112 1216 1182 1258 eru-

109 1299 189 1361 ditos
205 1298 300 1359 fuisse
315 1304 348 1359 ut
363 1315 437 1358 num
453 1295 535 1356 omni
561 1316 595 1355 ex
622 1302 705 1374 parte
732 1296 866 1357 absoluta
893 1305 972 1358 esset
1000 1299 1095 1380 ahqua
1122 1308 1183 1362 tra-

109 1401 214 1484 goedia
230 1418 327 1463 necne
347 1418 409 1460 non
432 1398 580 1460 sentirent
602 1407 724 1478 tamque
746 1400 864 1479 ineptos
883 1408 917 1461 ut
938 1402 1071 1480 praemio
1092 1422 1183 1465 orna-

111 1513 180 1568 rent
194 1505 326 1567 fabulam
341 1498 572 1583 imperfectam?

196 1610 278 1670 Bene
294 1609 352 1670 hoc
366 1626 456 1688 qnam
471 1623 577 1686 parum
594 1604 746 1684 probabile
768 1613 848 1666 esset
869 1608 1023 1686 perspexit
1044 1609 1077 1669 G.
1093 1609 1182 1671 Din-

113 1713 278 1784 dorfius,
295 1712 346 1791 qui
360 1728 427 1773 curn
444 1709 703 1790 quaeblatthiaeus
720 1715 864 1770 statuerat
879 1708 995 1788 longius
1007 1723 1181 1792 persecutus

114 1826 173 1880 tam
188 1817 226 1879 ab
240 1814 457 1878 recentioribus
473 1812 570 1893 poetis
592 1830 680 1891 quam
695 1811 732 1872 ab
747 1811 887 1891 Euripide
902 1813 1020 1875 minore
1040 1817 1117 1877 hanc
1136 1817 1182 1878 fa—

112 1922 214 1985 bulam
230 1919 346 2000 putarit
360 1917 568 1997 interpolatam
590 1935 656 1976 esse
678 1924 743 1976 tum
763 1916 941 1978 Ludoviei
962 1918 1061 1980 fratris
1083 1921 1182 1982 conie-

111 2025 244 2103 ctura²⁷l
271 2024 391 2086 adiutus
411 2022 488 2082 hanc
502 2019 696 2082 Aulidensem
711 2019 895 2100 Iphigeniam
915 2022 1031 2100 negavit
1047 2041 1181 2104 unquam

111 2129 149 2191 ab
165 2129 309 2212 Euripide
323 2127 440 2187 minore
458 2124 490 2185 in
505 2143 627 2186 scenam
649 2124 776 2186 delatam
796 2143 879 2197 esse,
901 2124 925 2184 si
947 2125 1068 2204 quidem
1088 2128 1119 2188 in
1140 2128 1182 2190 eis

112 2253 189 2317 quae
215 2230 371 2294 scholiasta
394 2228 546 2290 adnotavit
572 2228 608 2289 ad
634 2229 706 2289 lien.
734 2246 760 2288 v.
777 2227 827 2288 67.
848 2228 1016 2290 Aulidensis
1032 2230 1182 2310 Iphigenia

116 2338 269 2400 immerito
285 2336 349 2397 loco
366 2352 420 2395 suo
435 2332 579 2394 movisset
593 2331 776 2411 Iphigeniam
796 2331 952 2393 Tauricam
961 2331 1010 2410 ⁷⁸).
1045 2334 1181 2413 profecto

114 2461 179 2503 non
195 2442 228 2502 in
243 2439 317 2500 illud
332 2436 436 2498 incidit
455 2435 568 2496 crhnen
583 2435 617 2494 G.
639 2434 811 2496 llindorfius
834 2437 913 2514 quod
935 2438 1045 2499 meruit
1064 2435 1183 2497 Matthi-

112 2563 195 2619 aeus,
211 2541 265 2605 sed
281 2540 407 2603 levitatis
423 2539 537 2600 crimen
552 2539 653 2600 nescio
670 2557 708 2598 an
730 2555 792 2599 non
809 2540 879 2600 satis
894 2540 1038 2602 vitaverit.
1073 2557 1109 2600 an
1132 2558 1183 2600 ve-

111 2648 180 2710 runt
197 2646 243 2707 vel
259 2644 393 2723 tetIgisse
408 2643 462 2703 tibi
477 2642 594 2703 videtur
609 2639 803 2702 Diudorfiusi
829 2642 921 2703 immo
938 2650 967 2704 et
981 2662 1050 2704 vere
1066 2643 1183 2704 doctam

112 2770 178 2814 esse
194 2748 326 2812 fabulam
341 2747 379 2808 ab
393 2746 533 2826 Euripide
550 2744 666 2805 minore
681 2746 845 2806 tenendum
861 2753 906 2806 est
917 2782 959 2791 -
971 2764 1040 2807 nam
1056 2747 1185 2827 quidest

112 2854 194 2936 quod
210 2852 315 2914 scholii
329 2851 537 2913 auctoritatem
560 2848 741 2910 comminuat
761 2850 909 2910 Immerito
930 2851 962 2911 in
984 2851 1184 2930 suspicionem

112 2954 233 3020 vocati?
249 2991 291 2999 —-
307 2955 414 3035 etipsa
430 2953 536 3026 fabula,
552 2953 578 3013 si
593 2952 712 3032 quidem
727 2953 849 3014 unlnime
874 2974 909 3015 eo
933 2955 1022 3015 modo
1039 2973 1097 3033 quo
1113 2954 1185 3014 Din-

114 3062 210 3127 dorfio
226 3059 380 3121 videbatur
392 3055 670 3138 interpolationibus
682 3049 883 3119 contaminata
896 3065 951 3131 est,
967 3058 1094 3121 multum
1107 3075 1185 3138 pon·

113 3166 194 3229 deris
211 3165 293 3226 addit
308 3163 482 3226 scholiastae
497 3157 592 3222 verbis
601 3157 649 3239 ⁷⁹).

113 3306 330 3319 .......-—---

184 3392 217 3459 η)
236 3395 254 3445 l.
269 3393 287 3443 1.
301 3407 357 3457 pag.
372 3391 421 3442 326
434 3407 470 3458 sq.

185 3481 217 3545 Π)
236 3477 268 3530 cl.
282 3478 335 3530 hui.
350 3477 394 3529 lib.
408 3491 465 3542 pag.
478 3477 520 3528 20.

185 3566 216 3633 ⁷⁸)
235 3564 367 3631 Euelpidis
379 3571 461 3629 tragg.
474 3569 578 3626 superst
589 3568 648 3612 tom.
659 3559 697 3613 III.
712 3561 792 3612 0xcn.
805 3576 826 3610 a.
840 3559 912 3612 1839.
924 3574 979 3623 pag.
988 3559 1038 3608 444
1049 3575 1099 3626 sqq.
1128 3561 1187 3626 qui-

113 3656 306 3716 buscnmcomp.
320 3650 454 3718 quaeidanr
460 3648 532 3699 Dind.
546 3648 612 3699 dixit
625 3648 694 3700 Poet.
709 3664 742 3699 sc.
754 3648 793 3697 ed.
801 3647 832 3699 V.
846 3645 924 3709 (Lips.
932 3661 969 3695 oo.
978 3643 1042 3697 1867
1049 3646 1111 3712 sqq.)
1124 3645 1186 3695 Eur.

131 3757 171 3806 ug.
184 3740 242 3790 264.

113 3757 129 3807 p
185 3826 218 3889 ⁷⁹)
237 3822 306 3874 Male
319 3839 384 3872 nunc
397 3829 455 3886 post
467 3821 536 3872 edita
548 3820 579 3872 od
592 3827 681 3884 poetas
695 3819 810 3870 scenicos
824 3818 1002 3882 prolegomeno
1015 3819 1070 3883 ipse
1085 3817 1133 3867 sibi
1146 3832 1185 3866 re·

116 3920 211 3978 pugnat
223 3910 371 3961 Dindorlius
389 3909 464 3974 inque
484 3905 618 3958 Matthieei
632 3907 696 3956 illud
708 3905 895 3956 inconstantiae
907 3905 1000 3956 vitium
1012 3903 1114 3956 recidit.
1143 3917 1186 3951 ne-

115 4015 162 4066 que
175 3997 242 4049 anim
260 4011 384 4063 nunquam
401 3993 540 4059 perfectum
559 3992 638 4043 luisse
654 3993 718 4042 hanc
735 3989 858 4053 fabulam,
877 3991 902 4042 id
921 3992 985 4058 quod
1003 3992 1029 4040 in
1048 3985 1185 4042 nouissima
