2588 4522
492 249 705 308 ..17·.„

58 419 157 479 locnrn
172 437 260 479 sumo
276 417 506 479 examinandum
522 438 582 498 quo
605 418 688 480 nisus
704 419 853 498 Gruppius
876 419 1017 479 Chaere
1027 438 1080 479 nro
1092 419 1128 480 ni

58 528 167 600 poetae
182 520 295 599 tragico
311 521 388 582 hanc
402 520 533 582 fabulam
549 521 705 600 adsignare
718 530 841 584 conatus
858 529 902 583 est
913 521 961 600 θ’).
989 523 1130 583 nimirum

59 623 233 686 Athenaeus
261 622 313 685 lih.
334 622 409 684 Xlli.
432 643 496 704 pag.
521 623 592 685 562.
614 625 790 687 haecdicit:
826 619 1041 712 &compotores
1069 619 1132 687 δ’ἐν

57 726 106 809 τῷ
125 714 290 811 Ἐρωτικῷ
310 724 507 810 Χαιρήμονά
529 746 613 812 φησι
632 720 692 790 τόν
714 702 863 811 τραγικὸν
884 727 986 812 λέγειν
1009 721 1055 802 οἱς
1075 720 1132 791 τόν

59 817 147 893 οἶνον
169 828 235 892 raia
255 826 428 912 χρωμένων
448 840 521 904 τοῖς
541 823 679 913 τρόποις
699 831 917 914 κεράννυσθαι
944 827 1048 905 οὕτως
1074 831 1131 892 καὶ

59 927 117 996 τδν
128 927 269 1016 Ἔρωτα.
304 923 339 1007 ὃς
353 927 535 1017 μετριάζων
556 930 615 1013 μέν
630 929 716 998 ἐστιν
730 924 869 1018 εόχαρις,
893 927 1132 1014 ἐπιτεινόμενος

58 1033 95 1099 δέ
115 1033 175 1099 καί
196 1029 425 1120 διαταράττων
446 1031 690 1115 χαλεπώτατος.
726 1035 842 1122 διόπερ
866 1036 884 1101 ό
907 1031 1054 1124 ποιητὴς
1076 1023 1131 1099 οὗ·

59 1160 116 1215 τος
139 1132 177 1202 οδ
199 1141 306 1214 κακῶς
329 1132 431 1204 αὐτοῦ
451 1134 508 1215 τὰς
531 1133 686 1222 δυνοίμεις
708 1139 851 1226 διαιριόν
877 1144 961 1228 φησὶ
985 1139 1132 1222 δίδυμα

60 1235 123 1326 γὰρ
143 1235 243 1322 τόξα
266 1231 393 1307 αότὸν
414 1237 676 1308 ἐντείνεσθαι
696 1242 887 1329 χαρίτων,
917 1240 961 1310 τὸ
984 1243 1054 1326 μὲν
1075 1241 1132 1308 ἐπ’

61 1334 232 1409 εόοιίωνι
253 1340 366 1432 τίχᾳ,
388 1341 433 1411 τὸ
456 1341 565 1412 δ’ἐπί
592 1343 782 1431 συχχόσει
808 1351 957 1432 βιοτᾶς.
1003 1342 1020 1414 ὃ
1044 1338 1134 1412 δὀὐ·

60 1443 118 1522 τδς
140 1434 236 1524 οὗτος
257 1445 399 1536 ποιητὴς
419 1448 476 1514 καί
496 1450 574 1535 περὶ
594 1452 659 1515 τῶν
688 1446 836 1536 ἐρώντων
862 1449 896 1517 ἐν
923 1455 972 1538 τῷ
999 1449 1135 1538 ἐπιγρα-

62 1550 200 1639 φομένῳ
227 1552 421 1640 Τραυματίᾳ
443 1552 545 1641 φησὶν
568 1546 683 1630 οὕτως·

208 1655 259 1734 τίς
281 1650 354 1738 οόχὶ
375 1653 475 1745 φήσει
496 1654 571 1734 τοδς
591 1655 735 1744 ἐρῶντας
756 1657 813 1745 ζῆν
834 1655 968 1740 μόνους,·

210 1755 239 1827 εί
260 1759 311 1826 δεῖ
331 1781 366 1844 χο
387 1761 598 1847 πρῶτονμὲν
620 1757 958 1847 στρατευτικωτάτους

208 1854 301 1946 εἶναι,
324 1866 437 1931 πονεῖν
457 1887 494 1929 τε
516 1864 711 1948 δυναμένους
732 1866 802 1940 τοῖς
825 1858 974 1946 σοίμασιν

207 1962 363 2050 μα’λιστα,
387 1963 594 2053 προιδρεόειν
615 1959 801 2053 τὀίρίστους
821 1969 870 2053 τῷ
891 1961 1007 2051 πόδιμ,

209 2071 408 2159 ποιητικούς,
432 2067 577 2154 ίταμοός,
600 2065 804 2157 προθύμους,
828 2064 998 2154 εὐπόρους,

209 2172 243 2242 ἐν
263 2177 332 2253 τοῖς
354 2169 493 2262 ἀπόροις
515 2175 707 2259 βλέποντας,
732 2167 970 2248 ἀθλιωτάτους.

62 2302 145 2364 vides
161 2301 251 2380 igitur
266 2301 452 2363 Athenaeum
468 2319 502 2362 ea
518 2319 594 2381 quae
607 2307 679 2361 sunt
690 2299 753 2379 Iph.
767 2297 830 2358 Aul.
845 2315 919 2357 vers.
933 2293 1132 2365 548.-551.‚

334 2415 439 2502 δίδυμ’
453 2416 559 2505 ’Ἐρως
582 2419 599 2484 ὁ
621 2412 825 2504 χρυσοκόμας

339 2516 410 2603 τόξ’
429 2519 599 2588 ἐντείνεται
620 2519 770 2607 χαρίτων,

333 2623 372 2692 τδ
393 2625 453 2709 μὲν
474 2619 526 2690 ἐπ’
549 2614 683 2688 εόαίωνι
705 2616 833 2705 πότμιμ,

332 2725 370 2795 τὸ
394 2726 483 2795 δ’ἐπὶ
506 2721 655 2811 συγχύσει
676 2727 800 2809 βιοτᾶς,

66 2857 130 2901 non
145 2837 280 2918 Euripidi
295 2837 347 2898 sed
360 2834 554 2898 chaeremoni
564 2832 714 2905 tribuisse,
730 2851 787 2912 qua
799 2829 831 2890 in
843 2846 876 2889 re
887 2844 981 2906 usque
995 2825 1068 2884 adeo
1082 2823 1135 2884 ad-

66 2958 175 3004 sensus
190 2949 236 3002 est
250 2938 399 3020 Gruppius
414 2946 448 3000 ut
463 2946 557 3000 totam
572 2936 703 2998 fabulam
719 2930 930 2997 Chaeremonis
951 2946 1015 2989 esse
1027 2945 1136 2988 censu-

65 3047 131 3110 erit.
158 3045 267 3107 iniuria
279 3045 336 3105 hoo
346 3043 452 3104 fecisse
467 3041 632 3122 Gruppium
644 3059 706 3102 non
719 3036 853 3119 estquod
869 3049 1016 3103 moneam,
1033 3030 1057 3096 si
1070 3030 1137 3110 qui-

67 3152 137 3214 dem
151 3150 211 3212 hoc
225 3166 287 3212 uno
310 3147 482 3210 testimonio
504 3144 778 3226 deipnosophistae,
800 3139 851 3220 qui
873 3155 963 3216 qnam
983 3134 1085 3194 leviter
1105 3133 1136 3192 in

66 3254 263 3336 excerpendis
279 3253 457 3332 scriptorum
472 3249 544 3310 locis
559 3254 693 3309 versatus
716 3245 754 3306 sit
769 3243 840 3304 satis
856 3234 1033 3311 constat⁰²)‚
1055 3243 1136 3296 oete·

64 3380 172 3423 rorum
187 3357 427 3420 testimoniorum
449 3359 752 3432 argumentorumque
766 3364 828 3407 non
845 3341 1058 3406 comminuitur
1080 3356 1136 3399 au-

67 3463 202 3526 ctoritas.
238 3469 266 3522 et
279 3479 394 3524 errasse
406 3458 592 3520 Athenaeum
603 3455 649 3516 vel
660 3452 759 3534 potius
771 3449 875 3513 leviter
887 3444 1068 3526 excerpsisse
1080 3444 1138 3503 hoc

66 3587 190 3651 quoque
202 3566 266 3628 ioco
278 3570 515 3626 consentaneum
526 3560 653 3631 videtur,
666 3558 691 3620 si
703 3557 824 3638 quidem
836 3571 932 3633 neque
945 3551 1025 3630 quod
1041 3549 1136 3610 inter·

139 3850 172 3914 Μ)
192 3847 209 3898 l.
225 3845 341 3910 1.p.561
358 3859 410 3909 sqq.

138 3935 171 4002 θ’)
191 3934 223 3985 ci.
237 3933 379 3984 Bartsch.
394 3931 411 3980 l.
425 3929 441 3979 l.
457 3944 511 3993 pag.
526 3927 566 3977 27.
