2588 4522
531 267 764 330 -135-

107 443 201 503 tidem
217 441 338 522 quidem
353 440 441 502 habet
457 440 697 520 Clytaemnestra,
720 441 860 520 quoniam
880 442 987 519 gratias
1008 441 1067 521 agit
1090 460 1178 521 quam

110 544 266 615 maximas,
281 545 334 605 sed
349 544 459 623 optime
474 544 557 604 illum
573 544 601 605 id
617 544 799 623 promissum
816 546 984 606 soluturum
1001 564 1066 606 esse
1081 553 1180 624 sperat

110 648 191 728 quod
207 648 265 727 ipsi
279 647 384 708 fecerit
398 647 573 727 Iphigeniae.
608 649 686 709 unde
702 649 732 708 in
748 668 782 709 eo
800 658 844 709 est
858 656 891 708 ut
903 648 992 709 liliam
1004 649 1093 709 domo
1107 669 1179 710 evo·
1207 706 1212 716 ,

109 758 166 813 cet.
198 769 305 831 parum
320 769 389 812 vero
406 758 510 812 cautus
527 760 556 812 et
571 769 609 812 ne
625 771 659 812 ea
674 752 794 832 quidem
809 760 889 812 recte
904 753 1086 833 perspiciens
1103 772 1179 833 qnae
1272 816 1277 826 ,

110 854 247 935 proxime
267 855 447 916 antecedunt
475 855 668 934 interpolator
694 855 752 916 hoc
772 855 828 915 sibi
849 856 1031 935 persuasisse
1053 856 1179 932 videtur,

111 957 265 1019 nonsatis
285 958 381 1019 adhue
402 957 664 1038 Clytaemnestram
689 958 743 1018 sini
764 959 903 1038 precrlrus
925 960 987 1021 suis
1006 961 1178 1039 proiecisse,

111 1079 202 1142 quare
229 1079 309 1122 nunc
335 1061 361 1122 si
388 1061 450 1141 ipsa
475 1063 624 1143 Iphigenia
651 1079 789 1142 asperum
816 1063 1012 1125 adulescentis
1043 1065 1176 1127 animum

111 1164 228 1244 frangat
248 1164 413 1244 periculum
434 1165 546 1226 factura
568 1165 614 1225 sit.
655 1166 705 1226 sed
727 1173 860 1226 extrema
881 1174 1038 1246 expertura
1061 1169 1177 1249 Clytae-

112 1274 244 1329 mnestra
264 1268 329 1348 ipsa
350 1285 412 1329 non
433 1267 503 1330 satis
526 1268 668 1330 Achillem
689 1278 851 1349 temptasse
873 1271 900 1330 ei
920 1271 982 1332 visa
1003 1279 1062 1347 est,
1090 1291 1179 1352 quam

112 1390 230 1434 causam
245 1370 349 1433 habuit
364 1370 539 1433 inculcandi.

197 1493 231 1552 lu
246 1493 466 1572 interpolatoris
482 1511 570 1573 porro
587 1492 741 1570 ingenium
757 1501 787 1552 et
802 1501 897 1576 artem
912 1494 1114 1574 inquirentem
1131 1517 1179 1560 me

110 1598 207 1659 lateor
232 1596 329 1676 primo
363 1597 399 1658 de
429 1598 534 1658 eodem
565 1597 687 1657 homine
718 1596 861 1675 cogitasse
893 1616 981 1677 quem
1014 1599 1180 1679 proximam

111 1700 229 1762 Achillis
245 1699 420 1774 orationem,
437 1718 453 1760 a
466 1699 575 1762 maiore
587 1699 726 1780 Euripide
739 1700 944 1780 compositam,
961 1722 976 1762 a
988 1702 1104 1764 minore
1116 1723 1180 1766 anr-

114 1804 268 1885 plilicatam
289 1802 369 1864 illam
391 1803 525 1883 quidem,
547 1810 665 1884 praeter
693 1811 804 1864 ceteras
830 1803 919 1865 huius
940 1805 1055 1867 fabulae
1080 1815 1185 1886 partes

112 1907 170 1968 suis
187 1906 405 1968 addidamentis
421 1906 538 1967 auxisse
554 1925 733 1986 magnopere
749 1906 835 1967 velim
848 1907 917 1968 viris
929 1909 1022 1971 doctis
1035 1930 1083 1971 me
1095 1929 1180 1972 com-

111 2011 262 2092 probasse.
297 2010 466 2071 adducebar
481 2016 580 2071 autem
596 2010 627 2069 in
642 2011 720 2070 hanc
741 2011 920 2071 sententiam
942 2012 1010 2092 quia
1031 2012 1101 2073 satis
1123 2014 1180 2074 im-

111 2113 207 2176 becilli
223 2113 336 2193 ingenii
351 2094 445 2173 fuisse
460 2112 577 2173 videtur
599 2113 649 2191 qui
669 2121 730 2174 tarn
752 2115 827 2174 male
849 2116 929 2194 quod
952 2124 1037 2194 poeta
1060 2124 1179 2193 secutus

111 2225 155 2279 est
176 2216 328 2297 perspexit
348 2215 515 2278 consilinm.
549 2216 602 2277 sed
623 2235 706 2288 mox,
726 2224 883 2297 postquam
905 2220 1065 2281 sententias
1086 2221 1180 2301 inspi-

110 2322 193 2384 ciens
209 2339 271 2383 non
287 2319 366 2381 nulla
381 2318 510 2399 relinqui
524 2319 655 2381 intellexi
671 2338 746 2400 quae
763 2319 871 2401 etipse
886 2321 1078 2401 interpolator
1094 2344 1181 2387 exco-

109 2426 219 2505 gitasse
234 2424 368 2485 videatur
385 2440 481 2503 neque
496 2424 586 2484 horno
602 2424 658 2484 iste
674 2423 823 2484 inferioris
840 2424 943 2485 aetatis
959 2425 1107 2488 invenisse
1122 2447 1179 2507 pu-

108 2516 218 2592 tandus
234 2529 282 2601 sit,
297 2528 423 2589 maxime
439 2534 538 2589 autern
554 2534 711 2607 postquam
727 2546 829 2588 versus
846 2526 904 2588 981
924 2547 968 2608 sq.
986 2537 1014 2589 et
1030 2529 1101 2591 983.
1117 2550 1179 2593 non

108 2630 285 2712 simpliciter
300 2630 355 2692 sibi
370 2630 525 2693 adiunctos
541 2632 593 2692 scd
607 2639 669 2690 tam
686 2633 832 2710 eleganter
849 2650 938 2710 quam
950 2629 1097 2692 subtiliter
1109 2650 1179 2692 sen-

109 2734 277 2798 tentiarum
294 2752 408 2796 conexu
429 2734 560 2796 inter-se
581 2733 757 2795 coniunctos
778 2730 911 2811 vidi¹⁶⁵)‚
934 2751 993 2795 non
1014 2734 1097 2815 potui
1119 2753 1181 2796 non

109 2841 230 2902 abicere
250 2838 405 2900 deterioris
428 2837 560 2899 hominis
587 2837 804 2918 suspicionem,
832 2838 1009 2900 memoriam
1034 2846 1178 2918 repetere,

112 2962 176 3006 non
193 2943 259 3004 dico
276 2941 422 3022 Euripidis
438 2941 573 3015 minoris,
593 2941 644 3022 qui
667 2941 740 3022 quin
760 2950 841 3003 recte
861 2943 1044 3023 perspexerit
1063 2943 1180 3022 perspi-

110 3065 200 3110 cuam
216 3045 272 3107 loci
287 3045 491 3107 condicionem
507 3063 569 3108 non
586 3053 631 3108 est
647 3045 853 3119 dubitandum,
869 3047 922 3107 scd
936 3046 1009 3108 alius
1026 3046 1179 3123 cuiusdam

107 3243 325 3254 ....--—-—--

183 3365 227 3430 ¹⁶⁵)
246 3365 393 3417 Particulao
406 3357 476 3415 ἀλλά
490 3363 606 3414 adiuncta
619 3362 746 3430 particula
763 3353 813 3413 οὖν
831 3371 890 3413 uota
908 3369 946 3413 est
963 3364 1111 3428 apodoseos.
1138 3366 1179 3417 hic

108 3457 194 3522 igitur
207 3451 319 3504 efficitur
330 3451 514 3504 sententiarum
527 3467 647 3514 conexus,
667 3451 822 3500 nullomodo
841 3450 886 3501 ille
903 3449 1002 3515 quidem
1020 3450 1050 3499 ab
1068 3450 1116 3502 isto
1138 3469 1179 3502 re-

106 3543 229 3596 centiore
240 3539 403 3606 grammatico
416 3539 590 3601 excogitatos:
608 3537 791 3588 miserabilium
803 3538 880 3602 pudet
892 3550 929 3586 mo
940 3538 1083 3601 verborum,
1096 3546 1122 3589 at
1131 3540 1179 3590 lroc

109 3630 213 3698 quidem
225 3628 295 3678 dico:
313 3626 388 3678 nubet
401 3626 509 3692 speciem
522 3626 644 3692 quandam
657 3631 705 3674 etc.
719 3623 782 3673 hanc
794 3622 876 3687 igitur
893 3637 1005 3688 propono
1022 3624 1179 3688 singularum

110 3716 298 3770 sententiarum
310 3713 484 3778 distinguendi
497 3713 630 3774 rationem,
656 3730 657 3733 ¹

298 3795 465 3867 αἰσχύνομαι
479 3795 509 3850 δὲ
521 3793 715 3869 napnrps‘pooo'
732 3790 856 3869 οἰκτροὺς
867 3789 974 3864 λόγους·

300 3883 358 3952 ἰδίᾳ
371 3885 508 3951 venetum
517 3880 550 3935 σὺ
563 3878 592 3935 δ’
607 3879 708 3942 ἄνοσος
718 3881 809 3935 κακῶν
821 3879 848 3951 γ’
863 3883 950 3952 ἐμῶν·

299 3965 360 4025 ἄλλ’
376 3963 426 4024 οὖν
437 3968 492 4038 ἔχει
504 3987 547 4020 τοι
561 3972 656 4041 σχῆμα
667 3971 722 4022 κτλ.
