2588 4522
530 281 745 343 ..25-

108 455 240 536 plicatio.
264 458 402 536 paceium
424 453 500 533 qaod
527 453 593 515 dicit
617 469 704 514 renea
734 447 823 531 μάλα
850 469 903 513 τοι
930 449 1033 534 γῆρας
1060 433 1181 527 τούμὸν

110 551 237 620 ἄϋπνον
256 558 333 620 idem
353 569 395 618 eet
416 575 452 618 oc
473 560 500 618 si
520 557 623 618 ddecet
650 554 688 618 ed
715 548 792 634 ἐμὸν
813 554 915 639 γῆρας
935 551 1021 615 πολὺ
1048 543 1113 631 ἔχει
1142 544 1179 614 τὸ

110 654 247 734 ἄϋπνον,
268 661 319 722 loc
333 653 460 722 doceor
474 662 506 721 io
519 670 611 722 mente
624 659 730 721 lolem
744 659 821 721 addit
839 655 896 719 uel
910 651 966 720 ἐπ’
990 649 1180 741 ὀφθαλμοῖς

110 753 172 843 ὀξὺ
187 762 357 851 πάρεστιν,
372 767 545 826 insomnium
553 767 639 826 eitam
650 763 706 823 silli
714 763 810 824 edmse
820 763 921 842 sopato
933 761 968 821 od
980 761 1067 822 oculta
1083 776 1180 821 somno

110 867 287 948 remittens.
314 866 419 928 Merito
440 883 585 946 respuens
606 867 685 927 hanc
710 866 857 927 rationem
877 864 1044 926 lllotzius
1065 863 1179 925 nemini

110 969 251 1049 probabit
269 987 358 1050 quam
378 969 441 1048 ipse
462 968 635 1046 excogitavit
654 969 942 1048 interpretationem,
967 987 1025 1047 qua
1046 986 1079 1029 ea
1107 986 1180 1046 quae

112 1080 186 1135 sunt
200 1059 259 1134 ἐπ’
283 1064 474 1156 ὀφθαλμοῖς
497 1062 554 1149 ὀξύ
569 1071 625 1133 alio
640 1071 698 1133 nisi
714 1072 750 1132 ad
766 1072 918 1133 oculorum
934 1089 1060 1133 acumen
1075 1071 1181 1133 relerri

111 1193 177 1238 non
188 1195 275 1256 posse
286 1184 397 1256 putans
406 1177 465 1239 hoc
476 1193 580 1238 senem
593 1176 662 1237 facit
674 1175 831 1248 dicentem,
848 1176 903 1236 sili
915 1185 1083 1237 senectutem
1093 1173 1180 1237 ocelt‘s

110 1280 227 1361 paridem
241 1298 339 1342 aerem
361 1291 444 1360 etque
466 1289 582 1342 scetem
596 1280 701 1341 edesse
730 1280 783 1340 sed
799 1280 869 1359 quid
888 1298 998 1359 quaeso
1014 1298 1118 1341 causae
1134 1287 1178 1339 est

112 1402 168 1444 cur
182 1384 220 1444 de
235 1383 374 1445 acumine
389 1383 544 1443 oculorum
560 1400 685 1444 suorum
700 1382 749 1443 ille
764 1377 909 1443 moneat?
935 1382 1006 1461 quid
1022 1382 1177 1444 oculorum

110 1486 244 1549 acumini
259 1505 328 1547 cum
342 1485 475 1547 insomni
495 1485 641 1563 vigilantia
662 1493 692 1546 et
714 1493 860 1546 nocturna
882 1483 1052 1547 celeritate?
1072 1493 1102 1549 et
1123 1486 1180 1547 hoc

108 1599 144 1652 ut
154 1591 289 1652 feramus
298 1610 305 1649 :
315 1591 395 1651 unde
400 1596 555 1651 senectute
568 1588 664 1651 visum
676 1588 821 1651 acriorem
832 1588 916 1650 reddi
922 1585 1099 1651 eodemus?
1107 1588 1179 1668 quid

110 1694 190 1775 quod
207 1693 433 1771 ingravescente
443 1701 539 1757 aetate
555 1713 624 1755 cunr
639 1710 744 1754 omnes
756 1692 891 1755 omnium
902 1693 1059 1755 hominum
1072 1711 1179 1755 sensns

108 1797 274 1858 hebescere
289 1804 353 1857 tum
365 1797 520 1858 oculorum
535 1816 661 1858 acumen
673 1797 836 1859 comminui
848 1797 978 1876 quotidie
990 1798 1117 1877 quisque
1131 1797 1178 1859 in-

107 1897 246 1978 tellegit?
268 1899 312 1961 sic
326 1899 390 1979 ipse
404 1899 562 1979 Euripides
577 1899 613 1960 ll.
629 1899 663 1965 F.
679 1919 753 1961 vers.
770 1898 832 1961 638
848 1919 913 1979 sqq.

668 1994 774 2080 ὄχθος
795 1998 832 2064 δὲ
852 1996 891 2064 τὸ
905 2003 1006 2087 γῆρας
1027 1996 1080 2065 eet

445 2096 624 2188 βαρύτερον
644 2097 776 2180 Αἴτνας
798 2103 967 2170 σκοπέλων

441 2201 500 2270 ἐπὶ
519 2203 616 2290 κρατὶ
635 2207 750 2285 κεῖται,

444 2303 622 2393 βλεφάρων
643 2305 806 2376 σκοτεινὸν

442 2403 531 2496 φάος
551 2405 773 2498 ἐπικαλύψαν.

197 2516 257 2591 Qui
270 2517 361 2595 igitur
375 2535 474 2596 nuper
487 2517 617 2578 nomam
638 2519 740 2591 edidit,
769 2520 934 2590 Weilins,
951 2520 1077 2599 perinde
1090 2527 1180 2599 atque

109 2621 145 2681 G.
161 2620 389 2681 Dindorlius
404 2620 554 2681 revocarit
567 2621 792 2700 explicationem
809 2621 943 2694 notuit,
967 2621 1018 2701 qui
1039 2632 1180 2685 mammem

108 2725 264 2803 tmpipram
278 2727 353 2784 meta
368 2722 459 2784 ocella
473 2723 598 2784 insidere
611 2735 639 2785 et
653 2728 737 2804 persi
749 2729 780 2785 er
793 2725 852 2787 allt'a
865 2726 1008 2789 euadere
1030 2726 1118 2789 dixit:
1150 2727 1179 2788 id

108 2827 190 2906 quod
207 2825 265 2886 etsi
279 2824 368 2886 habet
380 2827 459 2906 quod
476 2826 616 2899 arrideat,
631 2827 701 2889 terri
716 2836 817 2891 umen
831 2830 912 2893 nulle
927 2830 1018 2891 modo
1031 2839 1139 2911 potest,
1155 2832 1181 2893 si

109 2927 231 3007 quidem
243 2936 273 2988 et
283 2929 465 3008 praepositio
476 2938 624 3009 repugnat
633 2925 700 2999 ἐπί,
716 2919 773 2995 nisi
783 2926 818 2995 ἐν
829 2951 884 3013 pro
894 2925 950 2997 ἐπ’
961 2935 1178 2997 restituendum

108 3028 237 3112 putes‚²)
253 3050 352 3111 neque
362 3023 439 3110 ὀξύς
450 3035 605 3097 notionem
619 3035 767 3115 significat
781 3036 958 3115 diligentiae,
974 3055 1063 3118 qnam
1079 3056 1180 3100 caveas

110 3154 180 3197 cum
196 3136 354 3198 celeritatis
369 3139 494 3213 notione
509 3157 634 3218 prorsus
649 3141 825 3203 contendas,

195 3240 302 3302 Veram
317 3241 533 3321 interpretandi
547 3244 695 3304 rationem
711 3259 773 3303 non
784 3250 831 3303 est
841 3240 968 3303 dubium
980 3243 1054 3321 quin
1064 3241 1178 3323 primus

109 3342 241 3405 senserit
255 3340 472 3420 irremisse,
487 3344 682 3425 quantumvis
696 3343 775 3405 aliud
792 3343 865 3424 quid
885 3361 976 3423 ageres
997 3343 1106 3405 ninere
1127 3344 1180 3409 nt-

108 3466 159 3510 sus
173 3455 222 3508 est
232 3447 266 3508 in
278 3449 481 3528 expendendis
491 3448 624 3529 singulis,
633 3447 768 3529 proxime
780 3456 879 3511 mrtem
888 3447 926 3507 od
939 3465 1041 3509 verum
1056 3447 1180 3511 accessit

108 3550 383 3619 Firnhalrerue,
399 3552 458 3613 lroe
471 3553 561 3615 modo
577 3553 658 3613 nunc
673 3570 791 3613 emaum
807 3549 945 3624 reddens,
960 3550 1014 3611 dea
1027 3549 1102 3613 ater
1116 3549 1180 3631 eope

177 3718 198 3780 ¹)
211 3718 321 3768 llunani
332 3719 394 3784 quial
406 3718 498 3784 opinor
511 3718 608 3769 aaran
617 3716 723 3777 Weilio,
736 3716 779 3783 pai
791 3716 823 3767 de
836 3712 983 3777 refragante
992 3714 1180 3781 praepositione

109 3801 241 3855 llletziun
253 3818 358 3855 maeno
370 3804 437 3855 iton
450 3803 540 3855 vitiam
552 3803 686 3855 adnittere
698 3818 730 3853 ne
742 3802 798 3869 lpse
808 3800 908 3869 quidem
919 3801 998 3853 eavit.

176 3889 198 3954 ³)
217 3890 357 3941 Traetavit
367 3891 442 3940 taius
454 3888 556 3941 iabahe
567 3889 669 3956 aliquot
680 3889 750 3939 loeas
763 3888 788 3939 ir
801 3888 936 3941 caulibus
947 3889 991 3955 qui
1002 3888 1178 3941 maeriteltao-

108 3985 150 4029 tur
162 3976 356 4040 Philologiaehe
368 3978 513 4041 lleytraege
524 3991 571 4027 aas
583 3977 630 4027 der·
642 3975 769 4038 Salonem,
784 3977 834 4029 tol.
846 3974 864 4027 l.
878 3990 934 4041 pap.
948 3976 1006 4029 tta.
1022 3976 1101 4029 -tta
