2588 4522
525 278 759 340 -191-

109 450 209 511 bulam
226 467 366 511 versuum
383 451 460 511 male
475 451 655 512 refectorum
672 451 822 530 dispersus
839 459 884 512 est
896 466 1018 528 magnus
1034 467 1179 511 numerus
1202 486 1204 491 <

110 553 264 632 ingenium
279 562 308 614 61
330 562 424 614 artem
445 555 545 634 prodit
563 554 683 616 infimae
707 555 809 616 aetatis
829 552 966 613 bominis
1000 552 1069 613 huic
1088 552 1180 613 tribui

110 657 179 718 licet
194 677 274 737 quae
285 675 346 719 non
362 657 430 719 licet
446 659 503 729 alii,
520 659 631 720 scilicet
646 659 731 719 exodi
752 677 815 720 eam
831 664 945 736 partem
969 676 1044 736 quae
1060 676 1178 718 1616616

114 761 206 821 1567.
222 761 338 840 excipit,
355 760 463 822 deinde
479 781 505 822 1.
517 761 589 822 464.
607 781 682 823 1616.
696 760 758 822 535
776 762 876 840 (sqq).
898 778 974 820 1616.
990 758 1178 821 635.-637.

112 867 198 940 (vers.
216 863 277 926 638
294 867 351 944 66.)
373 863 630 938 66521748,
653 865 781 944 denique
802 883 903 924 161666
925 864 990 924 11166
1012 884 1047 924 ex
1071 864 1180 942 deper-

111 967 242 1028 ditarum
257 967 389 1046 vestigiis
405 968 481 1029 male
495 969 650 1030 restitutos
666 969 728 1030 665
745 988 790 1048 sq.
809 966 899 1029 1380.
920 968 1010 1028 1407.
1268 956 1270 960 ⁸

198 1071 269 1131 Post
283 1071 437 1132 hominem
453 1091 521 1132 vero
537 1072 620 1133 illum
635 1073 831 1152 Byzantinum
848 1078 965 1150 praeter
986 1077 1178 1144 6666616166,

112 1173 214 1252 quales
230 1173 374 1252 cuiusque
389 1174 504 1236 fabulae
526 1175 640 1237 codices
662 1182 840 1249 tractarunt,
862 1175 961 1236 nullus
981 1193 1106 1254 usquam
1128 1193 1180 1233 61-

110 1277 208 1338 titisse
230 1276 346 1338 videtur
364 1276 481 1342 fabulae
500 1277 622 1349 vindex,
645 1278 700 1339 etsi
721 1296 760 1338 ne
780 1286 844 1340 tum
867 1277 986 1358 quidem
1008 1284 1179 1338 nostrorum
1263 1347 1272 1357 Ι

112 1379 231 1457 quidem
254 1380 390 1440 codicum
412 1380 602 1460 archetypum
626 1401 732 1442 vexare
761 1381 914 1443 desierunt
941 1389 1112 1458 temporum
1132 1379 1179 1439 in-

111 1482 215 1553 iuriae,
238 1482 267 1543 id
283 1475 363 1562 quod
385 1495 503 1564 praeter
523 1486 642 1547 melicas
661 1493 758 1564 partes
780 1485 889 1564 passim
910 1484 1018 1545 misere
1038 1484 1180 1544 laceratas

111 1586 252 1666 omnique
266 1606 357 1648 sensu
373 1591 625 1651 sententiarumve
641 1608 756 1650 conexu
770 1607 893 1668 prorsus
905 1598 1041 1650 carentes
1049 1585 1102 1667 ²¹⁹)
1118 1595 1179 1648 tam

110 1690 214 1751 lacuna
228 1690 277 1751 illa
297 1691 328 1750 in
345 1692 445 1752 codice
466 1693 599 1754 Palatino
619 1701 687 1773 post
709 1712 826 1754 versum
849 1691 920 1754 812.
943 1692 1067 1754 indicata
1091 1712 1179 1774 quam

110 1794 246 1854 versiculi
261 1794 357 1855 versui
376 1795 466 1858 1179.
483 1795 570 1857 116161
585 1796 688 1858 666616
700 1816 758 1876 qua
771 1797 798 1858 vi
811 1797 924 1875 expulsi
936 1797 1022 1857 docet
1034 1795 1179 1867 defectus,

111 1917 185 1978 quas
200 1899 328 1972 lacunas,
345 1899 370 1958 si
385 1907 450 1960 tum
466 1900 609 1978 temporis
626 1900 692 1960 illae
708 1901 829 1979 quidem
845 1900 987 1970 lriassent‚
1004 1899 1050 1960 vel
1064 1900 1180 1979 Byzan-

109 2003 192 2063 tinus
208 2003 297 2063 11666
314 2002 499 2080 explevisset.
536 2004 621 2076 Quod
639 2011 742 2065 contra
758 2003 835 2064 varia
852 2002 938 2063 161116
959 2003 983 2063 61
1004 2003 1081 2063 16116
1101 2010 1179 2063 1616-

110 2106 233 2186 poribus
254 2106 285 2166 in
302 2106 433 2184 margine
454 2105 515 2167 sive
536 2107 800 2186 interpretamenta
821 2105 962 2167 adnotare
985 2105 1046 2166 sive
1068 2123 1104 2165 ex
1125 2104 1179 2165 alio

110 2229 171 2289 quo
187 2210 251 2270 loco
268 2210 424 2290 desumpta
439 2210 631 2289 comparandi
647 2228 733 2272 66666
746 2209 914 2271 adscribere
926 2226 1081 2288 nunquam
1094 2207 1181 2268 desiit

87 2338 92 2352 ¹
110 2315 255 2374 lectorum
272 2313 420 2387 sedulitas
436 2313 467 2374 in
482 2321 587 2394 poetae
602 2314 690 2374 verba
706 2321 805 2373 autem
819 2312 867 2373 illa
887 2312 1022 2390 recipere
1042 2329 1104 2371 non
1126 2310 1180 2370 de·

110 2417 187 2478 stitit
201 2417 390 2478 librariorum
406 2417 453 2478 161
465 2425 669 2501 6611661616111
685 2416 817 2478 616111116.
852 2416 895 2477 616
915 2416 1180 2494 interpretamenta

110 2520 261 2581 immerito
277 2519 414 2599 genuinis
430 2519 562 2582 immixta
579 2521 651 2582 11666
666 2520 890 2600 deprehendere
910 2517 983 2579 milri
1007 2517 1087 2577 visus
1103 2535 1179 2590 sum,

110 2615 259 2702 πόλισμα
285 2618 407 2706 Τροίας
422 2624 563 2701 (1777).
578 2643 603 2683 1.
614 2624 705 2684 1270.
721 2643 748 2684 1.
759 2621 850 2683 1293.
865 2613 1000 2704 Εὐρίπῳ
1017 2621 1055 2696 (1.
1065 2618 1179 2697 1323).

112 2746 140 2787 1.
160 2726 357 2800 1332.,16666
373 2733 472 2788 autem
488 2725 606 2788 aliunde
622 2726 796 2806 desumptos
812 2725 911 2787 notari
928 2726 992 2799 hos,
1014 2742 1089 2785 1616.
1105 2723 1178 2785 508.

112 2831 235 2891 -510,
272 2848 348 2892 1616.
371 2828 582 2890 ono-923.
609 2850 636 2891 1.
660 2829 731 2891 958.
760 2848 834 2892 1616.
860 2826 940 2891 1162
961 2848 1005 2909 sq.
1036 2848 1063 2889 1.
1090 2826 1180 2888 1327.

114 2954 141 2993 1.
161 2934 251 2994 1646.
270 2933 475 3011 (616514).

187 3036 253 3097 'His
270 3038 409 3116 expositis
430 3038 488 3099 nisi
509 3038 589 3118 quod
609 3058 635 3099 1.
657 3036 729 3099 678.
754 3036 865 3098 librarii
885 3053 985 3097 errore
1006 3035 1065 3095 duo
1085 3032 1181 3092 bemi-

113 3139 218 3201 stichia
240 3141 400 3216 excidisse,
425 3142 504 3204 inter
524 3159 643 3202 versum
664 3148 764 3201 autem
789 3139 879 3198 1425.
900 3145 929 3198 61
948 3153 1067 3197 versum
1090 3132 1181 3193 1427.

114 3263 175 3323 quo
191 3244 272 3323 prior
286 3244 419 3306 adlectus
436 3253 499 3306 erat
514 3244 585 3304 vitio
602 3251 758 3305 attractum
771 3259 896 3303 ¹versum
915 3239 1005 3300 1426.
1026 3236 1182 3314 irrepsisse

114 3366 223 3408 moneo
239 3348 276 3408 de
291 3348 460 3428 iphigeniae
475 3347 642 3409 Aulidensis
658 3347 752 3408 161616
767 3364 801 3407 66
816 3342 990 3404 condicione
1010 3359 1071 3401 non
1086 3339 1181 3401 habeo

115 3451 194 3530 quod
210 3451 335 3531 amplius
351 3453 462 3515 dicam:
485 3470 574 3532 quare
590 3436 680 3511 finem
696 3450 771 3512 facio
787 3446 958 3528 quaerendi.

185 3693 229 3760 234)
248 3696 300 3748 viu.
312 3696 365 3747 hui.
378 3695 423 3745 lib.
437 3709 493 3760 pag.
507 3694 549 3744 77.

543 3920 755 3932 ...-.----
