2588 4522
429 266 756 347 ‚-sr-

107 437 249 517 raginam
266 438 468 511 consalutare,
490 445 587 499 cetera
608 437 728 499 ancillas
753 457 840 517 agere
860 438 998 499 voluisse.
1031 445 1183 518 praeterea

108 548 215 602 autem
230 537 399 601 videbimus
413 559 471 621 qua
485 541 602 601 ratione
612 541 744 619 reginam
760 539 853 619 excipi
865 541 977 602 deceat.
1014 542 1089 601 miro
1102 541 1183 602 enim

111 643 205 704 modo
220 642 272 723 qui
288 642 344 703 hos
358 651 534 723 anapaestos
550 642 708 705 fabricatus
723 649 768 704 est
784 651 814 704 et
827 643 957 704 humiles
973 663 1007 705 ac
1022 643 1184 706 submissas

112 751 143 806 et
158 745 255 807 elatas
270 752 361 824 atque
375 753 546 825 arrogantes
561 746 701 807 mulieres
717 746 813 820 finxit,
833 765 901 807 cum
925 764 1000 826 quae
1022 748 1110 808 modo
1130 766 1184 808 an-

113 848 251 910 cillarum
276 848 373 909 officia
398 856 589 928 suscepturas
616 869 648 910 se
674 851 889 928 praestiterunt
919 850 1016 929 regias
1042 850 1183 912 mulieres

113 951 209 1013 servis
226 949 462 1029 circumstipatas
477 959 547 1013 ante
563 951 657 1031 ipsius
677 953 907 1030 Agamemnonis
930 954 1052 1023 domum
1072 962 1184 1014 terrere

113 1054 170 1115 sibi
184 1054 344 1115 rideantur
366 1054 539 1133 peregrinae
559 1055 590 1115 in
610 1056 707 1117 medio
730 1056 910 1117 Graecorum
934 1057 1073 1118 exercitu.
1108 1058 1186 1117 banc

113 1156 197 1218 enim
212 1155 245 1217 in
265 1164 381 1235 partem
406 1158 595 1238 accipiendos
622 1177 687 1219 esse
712 1178 816 1220 versus
843 1158 1043 1231 oua-606„
1060 1176 1122 1219 non
1149 1158 1186 1219 de

114 1258 214 1321 verbis
228 1266 280 1320 aut
293 1259 383 1320 rebus
399 1261 474 1321 male
490 1260 631 1322 ominatis
652 1261 840 1340 cogitandum
863 1281 928 1324 esse
949 1262 1185 1324 luculentissime

114 1369 242 1443 apparet
257 1381 293 1423 ex
306 1380 393 1423 versu
409 1362 492 1436 606„
508 1363 559 1443 qui
574 1364 715 1425 mulieres
736 1372 862 1426 testatur
881 1366 914 1426 in
933 1366 1040 1428 timore
1061 1384 1126 1426 esse
1146 1383 1186 1426 ue

114 1465 240 1545 Argivae
255 1472 424 1527 terreantur
439 1466 580 1546 adspectu
596 1467 768 1528 alienarum.

202 1569 306 1648 Neque
323 1569 438 1648 singrda
453 1569 709 1632 considerantibus
725 1588 787 1631 non
800 1570 915 1633 obviam
928 1572 1003 1632 liunt
1014 1590 1090 1651 quae
1103 1570 1186 1650 signa

112 1692 186 1754 prae
205 1690 238 1734 se
254 1674 350 1734 ferant
366 1672 525 1734 miserrimi
541 1673 769 1753 interpolatoris.
797 1693 860 1735 non
878 1673 943 1735 dico
961 1675 991 1735 id
1008 1674 1088 1754 quod
1099 1681 1184 1754 post-

115 1795 207 1857 quam
222 1775 429 1838 Hermanno
442 1772 489 1852 ¹⁰⁵)
505 1777 578 1838 haee
588 1784 621 1838 ut
633 1778 760 1839 adiceret
771 1778 963 1858 interpolator
976 1778 1018 1846 eis
1030 1797 1105 1858 quae
1117 1796 1188 1838 mox

115 1880 351 1960 Clytaemnestra
366 1897 439 1940 vers.
457 1879 646 1942 orn—618.
663 1881 734 1942 dicit
750 1882 896 1943 adductus
912 1900 978 1943 esse
995 1881 1075 1942 visus
1090 1888 1137 1942 est
1153 1888 1187 1941 ut

115 1983 234 2062 longius
264 1989 440 2063 persecutus
474 1990 519 2044 est
549 1983 590 2044 ita
620 1984 709 2045 nimis
739 1984 846 2047 acriter
881 1984 1055 2062 vituperavit
1092 1983 1187 2044 Har-

115 2082 330 2166 tungus¹⁰⁶)‚
346 2087 512 2147 secundum
527 2105 630 2148 versus
643 2087 703 2147 615
718 2106 782 2167 sqq.
798 2095 940 2168 tanquam
953 2088 989 2148 ad
1001 2086 1188 2166 propositum

117 2191 289 2270 exemplum
304 2189 360 2250 hos
375 2197 549 2268 anapaestos
564 2189 659 2251 factos
675 2209 755 2263 esse,
776 2192 917 2270 quoniam
937 2190 1000 2270 ipse
1021 2189 1187 2269 Euripides,

117 2294 142 2355 si
157 2295 233 2354 haec
248 2293 278 2353 in
295 2293 423 2354 eundem
438 2293 603 2372 scripsisset
617 2295 708 2370 linem
724 2312 785 2355 non
801 2294 885 2355 video
898 2312 988 2372 quam
1000 2293 1085 2355 aliam
1098 2303 1187 2372 atque

118 2396 317 2476 interpolator
336 2395 466 2475 reperire
481 2404 583 2475 posset
606 2397 762 2457 rationem.
797 2415 895 2476 neque
918 2383 1114 2456 numerorum
1137 2394 1186 2455 isti
1268 2400 1273 2407 ’

117 2499 312 2578 grammatico
329 2498 445 2579 culpam
460 2500 576 2572 tribuo,
604 2499 629 2560 si
656 2499 775 2578 quidem
803 2499 894 2560 etiam
921 2516 1001 2559 nunc
1027 2504 1187 2576 supersunt

117 2622 197 2684 quae
223 2601 313 2663 buius
339 2602 460 2683 quidem
488 2603 575 2664 metri
597 2602 666 2662 satis
687 2602 816 2681 peritum
839 2601 923 2662 illum
945 2600 1038 2661 fuisse
1061 2600 1188 2661 demon·

119 2712 221 2767 strant
230 2700 290 2782 ¹⁰²),
306 2714 337 2767 et
350 2706 488 2768 lubenter
503 2705 667 2785 adstipulor
682 2705 908 2776 Hermanno,
930 2703 981 2784 qui
997 2704 1051 2765 bac
1065 2704 1188 2783 quidem

116 2807 430 2870 criminationeisturn
443 2828 562 2890 quoque
574 2808 727 2870 hominem
741 2808 958 2870 voluitliberari
967 2804 1029 2886 ¹⁰⁸).
1064 2808 1187 2886 Magno-

118 2929 191 2993 pare
206 2911 324 2972 veroin
339 2912 486 2973 sermonis
498 2914 617 2974 offendo
630 2912 819 2974 obscuritate.
852 2911 895 2972 sic
906 2912 963 2972 hoc
978 2909 1103 2998 qroipev
1119 2909 1189 2990 quid

119 3014 178 3076 sibi
193 3009 278 3075 vult?
299 3015 421 3075 saltasse
438 3016 576 3077 mulieres
593 3035 682 3077 nemo
700 3015 807 3096 opinor
822 3015 950 3095 putabit,
974 2996 1026 3074 sed
1047 3014 1104 3074 hoc
1126 3013 1189 3072 for-

119 3117 200 3178 sitan
215 3116 369 3196 Hartungo
385 3112 578 3191 concedatur,
600 3119 746 3197 originem
767 3119 796 3178 id
819 3139 834 3179 e
855 3136 942 3179 versu
966 3114 1037 3175 oro.
1051 3108 1188 3184 duxisse,

119 3219 364 3299 interpolatorem
394 3228 495 3282 autem
524 3240 577 3302 pro
608 3227 688 3282 certo
719 3203 819 3280 habeo¹
843 3219 941 3298 ipsum
977 3216 1048 3296 quid
1083 3216 1191 3277 dixerit

193 3512 238 3580 ¹⁰⁸)
255 3515 336 3583 praef.
348 3532 404 3584 pag.
417 3516 515 3569 XXXI.
567 3545 569 3549 ν

194 3602 237 3666 ¹⁰⁰)
256 3604 276 3653 1.
287 3603 306 3655 L
317 3617 373 3670 pag.
388 3604 420 3654 72
433 3619 470 3672 sq.
482 3602 514 3653 cl.
527 3620 550 3671 p.
565 3604 621 3657 152.

193 3689 237 3754 ²⁰⁷)
256 3686 289 3743 ef.
301 3704 364 3756 quae
376 3690 408 3740 ab
420 3689 562 3740 Hermanno
575 3689 661 3740 adlata
674 3696 733 3739 sunt
745 3689 761 3738 l.
777 3687 795 3736 l.
809 3701 865 3751 pag.
878 3683 965 3736 XXX.

194 3776 238 3840 108)
257 3793 282 3827 ν.
300 3776 358 3826 bot.
377 3790 433 3827 cunr
450 3773 479 3826 G.
497 3775 570 3825 Dind.
589 3781 615 3824 ot
632 3774 715 3824 Herm.
730 3773 775 3835 tlle
787 3773 898 3837 interpp.
910 3769 940 3821 11.
956 3784 1012 3835 pag.
1031 3768 1065 3830 3.)
1083 3765 1192 3835 μαλακῇ

124 3857 213 3936 ῥώμῃ,
225 3880 251 3914 v.
266 3862 325 3912 602.
337 3857 367 3912 τὸ
380 3861 477 3913 νεωστὶ
488 3853 575 3929 μολόν
588 3876 642 3911 curn
654 3860 796 3910 Hermanno
809 3857 965 3922 scripserim.
992 3871 1017 3906 v.
1030 3854 1089 3906 aot.
1102 3852 1193 3904 cortis·

123 3951 214 4002 simum
225 3948 331 4000 videtur
343 3947 487 3999 Marklandi
498 3942 537 4015 μὴ
551 3938 592 4010 dq',
606 3946 726 3996 deversa
739 3945 797 3995 603.
813 3944 906 4008 ambigi
919 3950 1009 4011 potest.

964 4031 980 4079 6
