2588 4522
478 281 713 342 -133-

52 451 224 515 aiensibus.
258 467 328 513 nam
344 451 478 530 profecto
501 470 610 531 magno
637 461 705 531 post
729 453 871 532 temporis
899 455 994 533 spatio
1022 455 1128 515 vixisse

53 556 175 618 videtur
190 555 399 634 grammaticus
414 556 471 616 iste
486 556 610 617 insanus
625 564 714 637 atque
740 557 957 618 inverecundus
984 559 1035 638 qui
1059 578 1128 620 eum

54 667 155 722 totam
169 658 300 721 fabulam
314 653 363 735 163)
378 665 443 719 tum
460 679 524 720 eam
539 661 727 739 potissimum
740 670 855 740 partem
871 660 901 721 in
917 680 974 741 qna
987 662 1128 723 Achillem

55 772 88 826 et
102 764 368 844 Clytaemnestram
382 772 432 824 aut
448 763 712 843 Clytaemnestram
728 774 759 826 et
770 765 1025 842 Agamemnonem
1041 776 1129 844 poeta

55 868 129 932 fecit
142 867 308 930 identidem
323 867 402 929 inter
420 886 454 928 se
476 868 678 947 colloquentes
699 868 916 930 addidamentis
938 868 1020 929 ararit
1042 868 1128 930 incli-

56 982 146 1035 natae
159 990 194 1033 ac
208 971 296 1051 plane
311 970 437 1032 labentis
454 971 628 1033 Graecitatis
644 972 726 1050 signa
741 973 918 1050 plerumque
939 990 1009 1051 prae
1031 990 1063 1032 se
1084 973 1129 1033 le·

56 1076 207 1139 rentibus.
242 1075 289 1136 cui
304 1083 340 1135 ut
355 1094 443 1154 supra
458 1093 560 1136 versus
576 1073 649 1136 899.
672 1074 787 1135 31910.
811 1074 899 1135 tribui
924 1074 964 1135 ita
987 1076 1043 1136 hoc
1064 1077 1128 1136 loco

57 1199 163 1242 versus
180 1179 243 1240 946
259 1197 303 1258 sq.
326 1177 388 1239 953
404 1197 450 1258 sq.
474 1178 535 1239 963
551 1197 595 1258 sq.
618 1178 679 1238 973
695 1199 740 1258 sq.
768 1178 868 1239 deberi
895 1187 975 1258 puto.
1014 1180 1131 1260 Reliqui

57 1292 130 1346 sunt
145 1302 183 1343 ex
197 1288 337 1360 suspecto
353 1298 480 1341 numero
496 1288 615 1360 praeter
626 1299 743 1341 versum
757 1281 839 1352 925.‚
856 1282 907 1362 qui
919 1281 954 1343 ab
966 1282 1023 1343 alio
1034 1283 1131 1344 inter-

57 1389 194 1468 polatore
209 1385 326 1447 additus
343 1385 472 1456 videtur,
497 1404 599 1446 versus
621 1393 763 1464 quattuor
782 1386 823 1445 illi
842 1384 1052 1456 sau-923„
1079 1388 1131 1466 qni

57 1492 109 1554 ubi
123 1489 262 1571 pluribus
277 1490 314 1550 de
331 1490 373 1550 eis
390 1488 512 1567 exposui
528 1488 656 1549 dubitari
671 1507 759 1567 pesse
775 1489 833 1548 dixi
855 1506 927 1549 num
953 1489 989 1549 de
1003 1489 1067 1550 iure
1083 1489 1131 1550 hic

57 1599 207 1677 legantur.
243 1592 361 1655 etmihi
378 1592 496 1673 quidem
517 1593 749 1670 agrammatico
769 1592 867 1672 aliquo
894 1611 930 1652 ex
955 1592 1009 1653 alia
1035 1591 1131 1653 tabula

58 1701 140 1763 citati
154 1698 257 1779 potius
274 1716 363 1777 quam
379 1697 416 1757 ab
432 1696 497 1776 ipso
512 1696 653 1776 Euripide
671 1695 762 1756 additi
778 1696 931 1768 ridentur,
956 1695 1036 1774 quod
1052 1695 1130 1755 idem

60 1806 115 1866 hec
126 1803 250 1885 quidem
266 1800 331 1862 loco
348 1819 409 1862 non
426 1819 550 1880 possum
566 1818 628 1861 non
645 1817 766 1859 monere
782 1798 818 1858 de
835 1817 920 1859 versu
936 1797 1016 1870 958„
1033 1798 1131 1877 quiin

60 1908 193 1987 margine
208 1906 245 1967 ad
262 1923 381 1967 versum
399 1903 471 1963 957.
487 1904 681 1965 adsimulatus
696 1902 788 1964 fuisse
805 1902 929 1962 videtur.

145 2011 221 2072 Tam
236 2008 328 2088 igitur
342 2015 478 2070 accurate
495 2026 583 2087 quam
601 2007 683 2068 facile
700 2007 925 2086 distinguuntur
940 2025 1046 2068 manus
1062 2016 1131 2080 1333,

59 2113 219 2194 Euripidis,
234 2112 383 2191 Euripidis
399 2112 533 2184 minoris
550 2110 701 2172 inferioris
716 2111 819 2171 aetatis
832 2111 1014 2188 grammatici
1027 2128 1131 2172 versus

58 2219 97 2278 de
112 2236 169 2278 suo
185 2215 379 2290 incubantis,
401 2213 509 2294 quibus
531 2223 649 2293 praeter
673 2233 736 2276 eam
757 2233 876 2275 manum
900 2234 988 2294 qnam
1013 2234 1131 2276 versum

61 2320 134 2380 925.
151 2318 300 2381 addidisse
321 2319 457 2398 suspicor
478 2335 600 2379 manum
625 2320 688 2379 eius
710 2318 896 2396 grammatici
915 2320 966 2399 qui
987 2320 1131 2381 similibus

60 2423 132 2484 locis
149 2421 261 2484 similes
276 2420 431 2500 adscripsit
448 2419 628 2498 subiungere
649 2421 762 2493 licebit,
784 2421 915 2482 versibus
939 2423 1130 2484 soa-510.

62 2525 223 2587 manifeste
238 2523 317 2585 illam
333 2524 453 2604 quidem
469 2523 695 2602 deprehensam.

377 2764 380 2768 ,
410 2697 556 2771 VERS.
588 2694 674 2772 977.
703 2725 778 2796 sqq.

144 2877 178 2938 L.
194 2916 236 2924 -
252 2876 312 2938 Cur
339 2876 570 2957 Clytaemnestra
589 2876 730 2939 Achillem
755 2877 838 2939 miris
865 2880 969 2940 ellerat
994 2881 1129 2944 laudibus
1199 2926 1205 2935 ·

59 2979 192 3060 intellegi
208 2998 271 3040 non
286 2987 387 3059 potest
401 2979 455 3040 alia
471 2980 557 3041 causa
570 2979 624 3040 nisi
648 2983 728 3060 quod
749 2982 797 3042 ille
816 2982 999 3062 Iphigeniam
1022 3005 1054 3046 se
1074 2986 1128 3046 de-

58 3090 218 3147 fensurum
234 3101 298 3144 esse
317 3082 466 3162 pollicitus
488 3091 541 3144 331.
576 3095 698 3164 apparet
719 3086 807 3164 igitur
827 3087 975 3148 confidere
995 3089 1126 3166 reginam

60 3185 252 3268 magnanimo
268 3193 355 3267 atque
371 3187 474 3248 audaci
490 3187 679 3261 adulescenti,
696 3196 725 3248 et
740 3189 933 3249 consideratis
950 3176 983 3250 33
997 3209 1127 3270 perpen-

60 3293 100 3355 sis
120 3292 164 3353 cis
186 3308 263 3370 quae
282 3291 395 3370 egregie
416 3299 447 3351 et
468 3291 595 3352 dilucide
620 3291 747 3353 Achilles
773 3292 862 3353 niodo
885 3292 1045 3372 disputavit
1071 3295 1127 3354 hoc

59 3404 239 3459 eventurum
275 3413 339 3457 3333
376 3395 636 3475 expectaverimus.
687 3415 777 3475 quare
803 3395 991 3475 'magnopere
1013 3396 1127 3476 Clytae-

58 3506 227 3563 mnestram
244 3499 420 3561 mirabimur
440 3499 517 3580 qued
533 3501 633 3561 denuo
648 3500 797 3580 pree-audo
814 3506 843 3559 31
858 3500 1061 3578 persuadendo
1077 3501 1128 3562 dat

60 3623 182 3686 operam
190 3600 253 3680 ¹⁰⁴),
268 3603 300 3665 in
316 3623 372 3684 qua
389 3604 537 3666 consumit
553 3622 628 3682 quos
643 3623 659 3664 a
674 3622 762 3664 versu
778 3602 849 3663 981.
866 3604 1008 3665 declamat
1023 3590 1126 3666 versus

130 3817 173 3877 ¹⁶³)
193 3818 272 3869 Certe
283 3819 347 3868 hane
360 3817 531 3867 coniecturam
544 3815 629 3867 lacere
642 3817 711 3867 licet.
725 3844 757 3854 -
771 3814 802 3866 el.
816 3832 879 3881 quac
891 3817 922 3866 de
931 3816 1016 3866 eodem
1026 3815 1126 3866 homine

60 3905 113 3956 dixi
125 3906 239 3956 advers.
253 3903 408 3955 598.-6116.
421 3920 476 3970 pag.
490 3905 530 3954 83.

131 3992 173 4057 ¹⁶⁴)
193 3989 224 4042 31.
237 3987 438 4041 Zirndorfer.
451 3991 564 4040 chronol.
579 4006 635 4056 pag.
651 3992 720 4042 lot:
744 3989 802 4039 huie
815 3989 871 4040 loco
888 3991 1009 4042 convenit
1026 3990 1125 4057 quidem
