2588 4522
531 285 764 345 -107-

108 457 216 539 itaque
232 456 361 539 genuina
377 455 596 535 interpolatoris
612 455 701 516 verba
717 457 790 518 haec
804 457 900 518 fuisse
915 455 1039 528 conicio,

376 551 597 639 λαιμοτόμους
617 551 765 644 κεφαλὰς
787 553 928 637 σπάσας,

368 659 493 747 πέρσας
514 653 683 745 κατάκρας
703 654 812 725 πόλιν.

200 837 273 899 XLI.
290 872 329 882 -
346 838 509 919 Postquam
523 838 613 917 igitur
625 839 749 899 classem
764 838 799 899 ad
816 840 886 900 litus
898 838 1062 900 Troianum
1078 837 1182 916 appul-

111 962 184 1005 sum
195 941 232 1003 iri
244 941 412 1023 militesque
423 942 546 1003 navibus
559 959 731 1019 egressuros
745 963 812 1003 esse
823 941 954 1021 stropha,
970 941 1183 1003 circumdatum

110 1055 204 1128 atque
220 1053 422 1127 oppugnatum
437 1045 474 1107 iri
490 1045 595 1106 urbem
609 1046 795 1125 antistropha
810 1045 969 1126 praedixit,
991 1045 1086 1124 epodo
1101 1061 1183 1105 nunc

112 1150 201 1213 chori
216 1149 354 1209 mulieres
367 1156 434 1228 apte
446 1149 557 1209 addunt
570 1149 640 1227 quid
653 1147 792 1209 obsessae
805 1148 889 1211 urhis
900 1150 1028 1211 feminae
1040 1166 1182 1209 sensurae

115 1254 189 1315 sint.
226 1251 298 1313 haee
325 1258 357 1311 ut
380 1258 443 1312 arte
470 1252 630 1313 cohaerent
654 1260 782 1332 apteque
809 1254 976 1333 procedunt
1002 1254 1042 1314 ita
1070 1252 1182 1331 epodus

114 1355 258 1417 omnihus
275 1374 310 1415 er
326 1354 461 1434 partibus
473 1354 613 1435 Euripide
626 1356 712 1434 digua
728 1356 851 1430 videtur,
869 1364 899 1417 et
913 1357 1046 1435 profecto
1064 1357 1100 1416 de
1116 1354 1182 1414 iure

109 1460 227 1523 factum
243 1466 288 1520 est
303 1466 336 1519 ut
351 1459 402 1539 qui
416 1459 497 1520 solus
514 1478 578 1520 eam
594 1459 629 1519 ah
646 1461 752 1520 eodem
767 1460 889 1521 homine
906 1460 955 1539 qui
972 1479 1050 1521 vers.
1068 1456 1181 1518 773.-

112 1562 186 1625 783.
204 1548 364 1624 fabricatus
378 1569 423 1624 est
433 1562 597 1641 profectam
608 1571 771 1642 putaverat,
788 1563 821 1624 G.
837 1562 1070 1635 Dindorfius‚
1087 1578 1183 1642 nuper

111 1666 248 1747 Euripidi
264 1685 330 1729 eam
344 1683 448 1727 rursus
463 1666 652 1728 concesserit.

200 1768 320 1849 Optime
334 1789 351 1831 a
366 1768 436 1829 viris
451 1768 544 1829 doctis
560 1769 630 1831 huic
643 1771 708 1831 loco
725 1778 916 1850 prospectum
932 1778 988 1845 est,
1002 1770 1043 1830 ita
1058 1775 1091 1830 ut
1103 1786 1184 1829 nunc

112 1872 235 1954 quidem
263 1871 403 1934 omnihus
424 1891 460 1932 ex
481 1871 613 1951 partibus
636 1873 793 1936 restitutus
814 1874 957 1935 videatur.
990 1882 1090 1935 tamen
1112 1878 1183 1933 sunt

113 1977 152 2039 de
168 1977 275 2058 quihus
292 1975 452 2037 dubitetur.
485 1975 566 2049 mihi,
582 1976 758 2038 utbreviter
774 1977 868 2039 dicam
884 1978 954 2056 quid
967 1975 1093 2038 sentiam
1107 1994 1183 2055 qua-

114 2081 276 2162 quedem,
292 2078 462 2141 adscribere
474 2079 561 2140 liceat
571 2088 663 2141 totam
676 2081 792 2160 qualem
804 2080 1009 2143 constituerim
1021 2080 1182 2159 stropham.

280 2173 362 2267 μήτ’
385 2174 460 2261 ἐμοὶ

282 2277 360 2370 μήτ’
384 2279 493 2366 ἐμοῖσι
514 2283 633 2349 τέκνων
654 2282 776 2361 τέκνοις

281 2383 377 2463 ε’λπίς
399 2382 458 2452 ἅδε
479 2377 557 2453 ποτ’
581 2380 685 2469 ἔλθοι,
1088 2387 1150 2448 785

283 2488 355 2554 οἵαν
378 2484 413 2555 αἱ
434 2486 634 2577 πολύχρυσοι

283 2591 398 2660 Λυδαὶ
418 2595 473 2660 καὶ
495 2598 632 2682 Φρυγῶν
655 2589 768 2669 δ’λοχοι

283 2693 439 2784 στήσουσι
461 2695 545 2784 παρ’
569 2690 682 2773 ἱστοῖς,

284 2803 450 2883 μυθεῦσαι
470 2791 548 2866 τάδ’
572 2797 606 2876 ές
628 2790 789 2885 α’λλήλας·

283 2903 335 2981 τίς
355 2899 419 2990 δι’ρα
440 2900 480 2987 μ’
503 2900 711 2987 εὐπλοκάμου
734 2898 839 2986 κόμας

284 3009 369 3094 ῥύμα
391 3003 545 3095 δακρυόεν
566 3003 707 3085 τανύσας
820 2990 824 2999 “

282 3110 445 3197 πατρίδος
467 3105 623 3195 ὀλομένας
644 3108 838 3191 ἀπολωτιεῖς

291 3211 347 3281 διὰ
370 3214 415 3297 σὲ,
438 3212 498 3279 τὰν
519 3210 635 3280 κύκνου
658 3208 883 3295 δολιχαύχενος
903 3208 1008 3296 γονάν,

283 3314 313 3384 εἰ
335 3315 375 3407 δή
398 3315 499 3407 φάτις
520 3315 677 3409 ἐτήτυμος
700 3313 744 3393 ὡς
765 3311 869 3382 ἔτεκεν

282 3418 385 3510 Λήδα
407 3420 451 3506 6²,
474 3420 583 3510 ύρνιθι
605 3418 760 3506 πταμένῳ
1086 3418 1145 3479 795

188 3542 197 3621 Ι·
283 3522 362 3606 Διὸς
383 3522 434 3593 ὅτ>
458 3523 607 3615 δύλάχθη
631 3525 741 3609 δέμας,

118 3764 159 3818 VI.
173 3765 198 3815 6.
224 3763 361 3829 exquibus
374 3760 494 3812 hoemihi
507 3758 701 3825 scquividetur,
715 3756 866 3807 vocabulum
878 3747 1001 3822 πόλισμα
1018 3768 1071 3804 eam
1091 3753 1120 3802 de
1138 3767 1186 3818 qua

118 3851 173 3901 dixi
186 3849 315 3900 notionem
326 3849 387 3899 adeo
401 3847 521 3897 usitatam
535 3844 654 3894 habuisse
674 3850 703 3892 ut
713 3843 777 3892 hanc
790 3841 890 3907 quidem
909 3840 935 3890 in
948 3848 1047 3904 partem
1063 3855 1134 3905 quem
1148 3838 1186 3887 di-

119 3936 200 3986 cimus
212 3934 316 3985 termini
328 3933 427 3998 proprii
443 3932 493 3983 vim
512 3938 612 3980 nactum
625 3936 702 3978 essct.
731 3936 757 3978 et
772 3928 903 3978 coufirmat
919 3927 966 3977 hoc
979 3925 1118 3977 Pausanias
1140 3921 1182 3974 IV.

121 4024 145 4086 s,
158 4022 182 4071 o.
201 4020 244 4074 tv.
260 4020 282 4084 1,
295 4020 319 4071 ι.
338 4021 368 4073 v.
382 4020 457 4082 ais.
477 4019 507 4071 v.
520 4016 597 4081 aas.
618 4013 679 4067 vur.
695 4014 735 4078 rs,
748 4016 771 4063 ι.
