2588 4522
541 275 757 337 ,29-

109 447 245 528 partium
261 465 331 509 cum
346 432 461 527 reliqua
476 447 627 526 tragoedia
643 446 802 507 consensui
817 462 937 525 operam
955 444 1036 504 dedit
1047 459 1134 523 quam
1151 440 1187 502 li-

109 549 228 613 centiae
247 570 323 613 suae
353 550 477 612 indulsit
496 549 656 629 Euripides
676 557 742 610 tum
764 548 907 609 huelem
931 546 1185 608 adlitterationum

109 654 489 733 homoeoteleutorumque
502 672 578 734 quae
589 653 717 714 dicimus
728 652 827 713 studio
835 651 919 712 facile
929 651 1026 730 potuit
1036 670 1072 711 eo
1082 649 1187 711 adduci

109 765 145 818 ut
165 758 230 837 ipse
254 777 355 820 seeum
376 765 524 838 pugnaret
544 759 655 819 dumne
675 775 779 819 suaves
800 755 944 834 quosdam
967 771 1058 815 sonos
1073 752 1188 814 abicere

110 869 282 940 cogeretur.

199 962 319 1041 Repnta
336 961 428 1040 igitur
447 962 569 1024 malacia
584 962 768 1023 Graecorum
786 978 876 1023 naves
898 961 929 1021 in
950 968 1038 1040 portu
1052 959 1185 1028 retineri,

109 1072 221 1143 reputa
237 1064 394 1126 malaciam
409 1064 525 1143 ingenti
540 1083 602 1144 quo
618 1065 683 1125 dies
709 1064 890 1125 caniculares
914 1063 1022 1124 ardent
1041 1062 1112 1123 solis
1138 1081 1187 1124 ra-

110 1167 178 1227 lore
195 1166 305 1227 eodem
321 1166 399 1227 ellici
412 1166 465 1246 qui
481 1167 580 1228 avium
596 1174 717 1227 cantum
732 1166 875 1245 opprimit
885 1163 937 1241 ¹¹):
959 1184 1034 1227 num
1045 1165 1122 1225 mio
1133 1165 1188 1225 ali·

109 1288 176 1350 quo
191 1288 263 1331 casu
273 1269 383 1331 illatam
396 1289 462 1332 esse
475 1278 562 1349 putas
575 1288 678 1331 vocem
691 1264 821 1351 σείριος,
837 1287 895 1347 qua
906 1267 1084 1347 plerumque
1097 1266 1189 1345 signi-

111 1372 222 1433 ficatur
241 1370 399 1434 canicula?
433 1391 508 1434 num
528 1373 565 1434 al)
585 1372 689 1451 inepto
712 1365 905 1433 emendatore
926 1371 980 1432 tibi
999 1371 1114 1432 videtur
1134 1371 1191 1432 hoc

110 1475 294 1537 institutum
313 1495 391 1549 esse,
413 1484 447 1537 ut
467 1493 531 1537 non
549 1476 711 1556 splendens
734 1474 835 1536 nescio
855 1493 932 1554 quae
953 1474 1037 1536 stella
1057 1473 1190 1551 Vergiliis

111 1597 184 1639 vere
206 1578 303 1640 vicina
326 1579 380 1640 sed
399 1580 464 1659 ipse
480 1579 577 1642 Sirius
596 1578 731 1658 quamvis
758 1595 895 1658 perverse
910 1577 1042 1656 vergiliis
1062 1577 1189 1656 propin·

111 1699 193 1761 quus
215 1681 312 1743 dietus
332 1681 464 1760 intellegi
484 1678 614 1743 debeat?
639 1680 733 1743 immo
754 1688 855 1760 aperte
875 1679 1033 1758 Euripides
1061 1678 1188 1741 Graecos

110 1783 200 1845 tinxit
218 1803 256 1844 eo
275 1791 414 1864 tempore
432 1784 571 1846 Aulidem
592 1785 767 1847 convenitne
781 1800 842 1862 quo
857 1783 920 1845 dies
940 1782 1085 1862 putabant
1106 1783 1189 1843 oani-

113 1888 200 1948 culae
214 1885 273 1949 sub
288 1896 437 1966 potestate
451 1907 533 1960 esse,
555 1888 575 1949 i.
592 1908 618 1948 e.
634 1887 740 1949 diebus
756 1885 979 1957 canicularibus,
996 1885 1106 1965 quippe
1119 1887 1189 1965 qui·

112 1989 173 2053 hus
189 1997 254 2051 tam
268 1998 376 2052 ventos
389 2009 481 2069 quam
495 2008 565 2052 aves
579 1989 699 2052 silentio
714 1996 830 2069 premat
844 1989 915 2050 solis
929 1988 1028 2051 ardor.

201 2093 326 2154 Constat
345 2101 448 2155 antem
467 2093 534 2155 dies
554 2093 737 2155 caniculares
756 2108 870 2154 nomen
890 2091 1001 2153 habore
1022 2091 1186 2153 amnimla

110 2204 276 2276 propterea
289 2196 373 2275 quod
386 2196 484 2275 paullo
499 2205 569 2256 ante
583 2196 677 2256 solem
689 2203 792 2256 exorta
803 2194 934 2256 interdiu
945 2213 980 2255 ea
992 2195 1104 2257 caelum
1116 2212 1186 2274 per·

111 2306 205 2372 meat,
221 2297 371 2378 undamn
385 2298 437 2360 illo
451 2306 588 2379 tempore
603 2298 849 2376 flagrantissimus
864 2306 910 2359 est
923 2306 1024 2360 aestm
1038 2298 1187 2360 caniculae

112 2403 143 2466 vi
165 2403 248 2464 effici
268 2402 433 2464 videbatur.
467 2411 578 2481 quanto
598 2419 669 2463 vero
689 2401 905 2465 comminuitur
919 2401 1070 2480 paullatim
1084 2408 1186 2462 aestus

113 2513 201 2569 tanto
220 2505 288 2567 eius
308 2523 396 2569 aeus
416 2514 542 2584 augetur
563 2505 719 2584 longitudo
740 2523 831 2585 quem
846 2511 938 2566 noctu
951 2505 1034 2566 stella
1050 2504 1081 2564 in
1103 2505 1185 2565 eaelo

113 2607 271 2679 describit,
297 2607 355 2671 sul)
367 2608 584 2688 aequinoctiale
597 2617 697 2670 autem
711 2616 832 2687 tempus
843 2608 901 2677 illa,
914 2626 984 2669 cum
995 2608 1111 2669 oriente
1123 2608 1186 2669 nne

112 2714 145 2775 in
159 2731 284 2774 summo
299 2713 382 2774 eaelo
396 2712 445 2785 sit,
459 2709 495 2786 ¹²)
509 2711 664 2772 mmidiam
679 2719 795 2772 tantum
810 2727 916 2772 cursus
929 2718 1044 2791 partem
1057 2710 1185 2773 interdiu

112 2817 245 2881 conticit
267 2817 405 2895 sequitur
417 2824 484 2877 tum
498 2815 570 2876 illud
586 2823 706 2894 tempus
719 2814 757 2875 de
771 2832 833 2893 quo
846 2813 919 2875 haec
932 2812 1079 2876 llasiodm
1092 2815 1138 2874 tt).
1153 2814 1185 2874 ln

113 2923 179 2982 414
194 2921 266 3000 sq.).

156 3011 244 3109 tuoe
264 3017 307 3106 a)
328 3013 424 3107 lira
442 3017 540 3100 μένος
560 3012 655 3098 ὀξέος
675 3011 797 3105 adan

156 3116 329 3205 καύματος
349 3118 517 3204 ἶδώλμοτ,
530 3118 810 3207 μετοπωρινὸν
823 3115 1052 3208 ὀμβρήσαντος

119 3384 122 3389 ·
174 3370 207 3433 ¹¹)
226 3370 294 3437 Apta
304 3384 456 3435 conparare
466 3369 530 3420 unt
541 3369 634 3419 rum
644 3368 732 3432 ,lgna
747 3384 814 3420 vers.
828 3366 879 3419 sta
891 3384 939 3433 sp,

224 3457 354 3524 χειμόη
364 3450 394 3506 δ’
407 3457 434 3507 εἰ
441 3457 519 3523 λέγοι
529 3472 570 3513 uc
602 3490 825 3507 ,,,,,,

227 3625 245 3693 ἢ
257 3622 376 3689 θάλπος,
388 3621 447 3680 εἴτε
458 3621 560 3687 utimr
568 3630 601 3682 tr
609 3633 807 3697 prowm&

226 3719 332 3772 κοίταις
341 3709 456 3783 inuium
467 3716 593 3785 ηνίμω,
603 3710 678 3768 εἴδω
691 3710 792 3767 πεσόν,

186 3801 216 3864 ’ἢ
237 3801 271 3852 el.
283 3799 344 3851 Hes.
357 3801 388 3851 0.
399 3801 431 3850 n.
443 3800 495 3852 ‘illl
505 3817 543 3867 sq.

243 3880 301 3939 εὖτ’
315 3882 354 3938 ἓν
362 3884 393 3938 0⁹
405 3884 507 3953 'stolen
516 3888 564 3937 ni
575 3888 687 3957 lsloror
697 3884 725 3943 ἐς
733 3884 821 3955 μέσην
831 3880 898 3956 vna

242 3967 377 4047 οὐρανόν,
386 3971 550 4041 'mm
559 3968 590 4025 Γ
601 3972 680 4045 ὅσα)
691 3966 888 4038 &aarum
896 3964 976 4031 Ἠώς,
