2588 4522
538 271 753 332 ..65-

109 432 285 520 ὥνόμαξας
298 441 414 521 primus
429 440 667 503 Marklandus
683 449 818 521 tempore
834 441 957 502 mutavit
977 440 1056 520 qnod
1071 440 1180 501 talibus

107 544 140 605 in
156 544 231 606 locis
246 544 381 606 adhiberi
397 546 481 615 solet,
496 545 681 624 imperfecto.
714 546 785 606 illud
803 553 903 606 autem
918 545 1024 621 vitium
1040 546 1119 626 quod
1133 546 1181 606 in-

109 656 156 709 est
172 647 271 709 verbis
287 641 371 709 ὥστε
392 643 572 733 τερφθείης
592 656 664 710 sunt
680 649 730 730 qui
745 649 861 710 nullum
876 667 941 710 esse
957 647 1072 720 dicant,
1089 648 1182 709 llar-

109 757 256 829 tungus
271 749 529 813 Firnhaberus
544 751 740 829 Klotrius,
757 751 864 830 quibus
884 751 1008 813 minime
1023 751 1181 824 adsentior,

110 853 348 917 Hcrmannus
364 846 407 926 ὥς
427 873 461 915 τι
481 849 661 938 τερφθείης
684 854 819 935 scripsit,
842 855 998 916 Wcilius
1021 855 1094 916 satis
1116 873 1181 915 me-

109 940 297 1040 diocriterpi
317 973 353 1036 pe
373 952 562 1041 τερφθείης.
596 977 651 1037 ego
665 958 736 1019 inde
757 959 814 1020 hoe
835 959 977 1019 mendum
998 966 1098 1019 ortum
1117 976 1183 1018 esse

110 1059 239 1121 arbitror
255 1060 335 1140 quod
351 1061 454 1121 calami
469 1060 554 1140 lapsu
569 1061 639 1122 olim
659 1061 795 1122 librarius
811 1061 860 1122 ubi
877 1053 952 1122 ὥστ’
977 1052 1019 1122 dv
1041 1052 1183 1144 ἡσθείης

111 1161 240 1223 debebat
254 1163 405 1242 scripserit
421 1155 495 1224 ὥστ’
520 1156 558 1224 dv
579 1160 773 1249 τερφθείης,
797 1166 877 1245 quod
900 1174 994 1227 metro
1016 1184 1182 1246 repugnare

111 1266 219 1327 ridens
235 1274 384 1327 corrector
400 1267 539 1328 metricus
553 1267 584 1326 in
601 1260 684 1328 ὥστε
706 1263 885 1351 τερφθείης
900 1267 1065 1330 mutaverit.
1100 1269 1182 1342 Quae

112 1376 213 1430 autem
230 1367 262 1428 in
277 1386 352 1430 vers.
369 1367 556 1429 att-426.
573 1369 809 1450 interpolationis
824 1372 995 1433 testimonia
1009 1372 1109 1433 inesse
1123 1390 1181 1451 pu·

112 1471 186 1532 tavit
201 1470 234 1531 L.
250 1471 433 1543 Dindorlius,
450 1491 484 1533 ea
500 1492 548 1534 me
569 1492 630 1534 non
651 1474 830 1535 intellexisse
852 1483 953 1554 aperte
972 1477 1078 1537 fateor.
1112 1493 1182 1536 nam

112 1575 171 1636 hoc
186 1572 258 1635 dicit
272 1573 412 1635 nuntius:
432 1579 599 1654 praeceleri,
614 1585 648 1636 ut
659 1594 816 1655 praepares
830 1596 865 1638 ea
880 1579 981 1657 quidue
999 1583 1055 1641 rite
1075 1582 1185 1658 euripi·

113 1687 185 1738 τίειν
203 1680 285 1758 sirpo
308 1688 437 1756 nuptura
459 1680 507 1754 (cl.
529 1678 629 1738 Herm.
650 1679 687 1739 ad
708 1698 732 1738 τ.
755 1679 827 1741 tto.
849 1699 920 1741 suae
942 1681 1039 1757 edit.):
1059 1699 1183 1761 nomque

114 1790 227 1861 tempus
245 1799 323 1841 nunc
342 1791 396 1852 est,
423 1784 449 1841 si
466 1781 576 1860 quidem
597 1791 670 1842 totus
695 1785 838 1843 coercitus
858 1782 1011 1845 adventum
1029 1782 1113 1845 babet
1133 1800 1183 1844 co-

111 1885 235 1964 gnitum.
266 1882 310 1944 sio
324 1882 397 1944 haec
411 1883 483 1944 ferri
502 1891 629 1963 possunt
644 1883 750 1964 opinor
772 1885 880 1958 omnia,
903 1905 1001 1967 neque
1023 1886 1184 1967 quicquam

114 1987 263 2049 momenti
276 1987 366 2048 babet
382 1986 461 2067 quod
477 1986 589 2047 addidit
604 1987 638 2047 L.
653 1988 833 2062 Dindorlius,
856 1987 968 2070 inepte„
979 1995 1077 2050 totum
1100 2006 1186 2049 erer-

115 2092 210 2153 citum
229 2092 356 2153 laminas
377 2090 531 2152 advenisse
554 2090 647 2165 scire,
668 2091 803 2171 ignarum
828 2111 895 2154 esse
917 2097 1185 2172 Agamemnonem.

115 2202 165 2257 aut
181 2193 265 2256 enim
280 2195 371 2256 istum
386 2201 484 2256 totum
499 2195 663 2258 exercitum
677 2197 783 2257 nuntio
802 2196 961 2276 largiemur
981 2215 1056 2277 quae
1080 2202 1185 2257 narrat

116 2299 148 2360 in
164 2299 262 2361 mains
277 2299 380 2360 tollere
395 2297 505 2361 amanti
522 2309 588 2370 aut,
603 2298 632 2360 id
645 2300 725 2380 quod
743 2299 933 2361 verissimum
950 2308 1038 2380 puto,
1060 2299 1185 2378 Agame-

115 2422 264 2465 mnonem
277 2411 451 2484 reputamus
465 2403 507 2464 eis
519 2422 595 2483 quae
610 2403 681 2464 inde
693 2422 709 2464 a
720 2403 790 2464 solis
803 2411 871 2464 ortu
886 2402 1028 2483 usquead
1041 2403 1096 2462 hoc
1107 2409 1187 2462 tem-

116 2526 172 2589 pus
189 2507 331 2588 deinceps
345 2507 422 2568 facta
438 2515 508 2567 sunt
520 2505 691 2585 gravissima
703 2507 795 2585 magis
809 2498 1086 2586 occupatumluisse
1097 2523 1187 2585 quam

119 2618 154 2673 ut
169 2609 279 2671 milites
295 2609 367 2689 quid
380 2616 505 2688 agerent
520 2617 663 2670 curasset.

203 2713 351 2774 Relutatis
374 2713 464 2792 igitur
486 2714 533 2773 bis
560 2711 681 2792 quidem
701 2711 734 2773 L.
755 2710 900 2772 Dindorfii
927 2700 1187 2772 criminationibus

105 2817 198 2878 banc
219 2835 349 2889 scenam,
373 2835 463 2897 quam
483 2815 653 2877 necessario
676 2816 781 2876 adesse
802 2814 942 2895 nulloque
970 2814 1058 2874 modo
1086 2813 1189 2873 deesse

117 2939 209 3001 posse
223 2918 308 2981 facile
323 2919 448 3001 quisque
464 2919 622 2998 intellegat,
637 2919 721 2979 valde
744 2918 905 2997 genuinam
925 2916 1098 2978 habebimus
1119 2934 1187 2976 cum

117 3024 302 3097 Hermanno,
318 3023 350 3084 in
364 3023 536 3085 universum
562 3023 587 3083 si
610 3023 819 3102 spectabimus.
852 3031 953 3083 tamem
975 3020 1119 3082 nonnulla
1138 3037 1189 3080 re-

118 3125 188 3189 licta
205 3135 277 3200 sunt
291 3145 367 3206 quae
382 3125 584 3205 suspicionem
601 3133 749 3187 moveant.

205 3228 247 3290 Ao
266 3229 398 3309 primum
424 3227 546 3308 quidem
572 3247 598 3288 τ.
616 3226 687 3288 413.
705 3235 734 3288 et
761 3226 812 3308 qui
839 3244 908 3287 eum
934 3224 1071 3305 sequitur
1096 3221 1190 3283 additi

118 3332 259 3393 ridentur
273 3331 509 3412 repugnantibus
525 3329 752 3409 stichomptbiae
771 3329 896 3409 legibus.
931 3327 1037 3388 deinde
1060 3327 1117 3387 hoc
1139 3342 1190 3385 re-

119 3433 287 3516 putaudum
302 3441 356 3507 ost,
372 3433 467 3495 nullas
483 3452 548 3494 esse
562 3431 701 3501 rationes,
719 3433 817 3494 nullos
834 3430 944 3494 amicos
966 3430 1073 3511 quibus
1089 3429 1207 3504 Mene·¹

120 3536 187 3600 laus
208 3535 253 3597 uti
275 3535 384 3616 possit,
404 3535 497 3597 immo
518 3552 578 3595 non
598 3554 686 3615 posse
707 3555 776 3596 eum
796 3535 955 3615 quicquam
974 3532 1006 3592 in
1028 3549 1116 3593 causa
1136 3548 1190 3591 sua

120 3639 267 3720 prolicere
287 3636 347 3700 nisi
366 3638 519 3699 immolata
539 3637 699 3716 lpbigenia.
735 3638 852 3700 obstare
882 3637 962 3699 enim
986 3635 1099 3696 scimus
1123 3652 1192 3695 ora-

121 3742 223 3805 cotum
235 3742 315 3822 quod
328 3740 421 3802 edidit
432 3739 534 3800 Diana.
567 3757 665 3818 neque
680 3740 796 3818 ignorat
807 3740 881 3800 haec
892 3737 1055 3810 Menelaus,
1071 3736 1101 3797 id
1113 3735 1193 3815 quod

121 3844 271 3925 colligitur
293 3852 355 3907 tam
378 3863 414 3904 ex
434 3861 512 3903 vers.
525 3839 587 3901 485
604 3861 649 3922 sq.
665 3861 755 3922 quam
770 3861 807 3903 ex
821 3861 847 3903 τ.
863 3841 936 3902 495.
953 3858 1022 3919 ergo
1038 3857 1114 3901 vers.
1130 3836 1193 3897 413

121 3966 168 4031 tq.
180 3949 254 4013 terri
269 3965 331 4011 non
347 3954 483 4029 possunt.
516 3945 640 4024 Egregie
655 3953 755 4007 autem
771 3966 786 4008 a
801 3954 888 4028 poeta
903 3946 985 4006 bunc
998 3944 1097 4006 locum
1109 3958 1192 4002 com-

966 4050 981 4098 5
