2588 4522
532 266 766 335 -109-

108 439 206 503 rimus
232 439 327 502 iactus
354 448 399 503 est
424 461 531 505 seusus
556 443 724 523 poeticique
749 443 858 521 vigoris
883 444 996 524 plenus.
1032 440 1179 505 sententia

108 552 213 606 autem
229 562 311 607 nune
332 544 452 606 demum
473 546 608 626 expedita
626 545 772 626 procedit,
792 566 861 610 eum
881 566 984 609 versus
1007 546 1079 607 791.
1101 563 1183 607 nuno

109 647 234 727 quidem
249 654 312 708 arte
326 648 482 711 cohaereat
497 667 565 711 curn
580 649 641 722 his,
661 640 869 729 εὐπλοκάμου
890 641 1003 728 κόμας.
1038 649 1182 711 nimirum

108 749 205 811 unius
218 749 301 812 verbi
316 750 441 832 eiusque
452 751 586 814 adverbii
600 752 663 814 vice
678 752 704 813 is
719 768 823 814 versus
839 753 974 834 iungitur
995 772 1031 813 ex
1046 759 1118 813 nota
1132 750 1180 813 iila

109 859 268 933 poetarum
283 856 518 928 cousuetudine,
536 872 598 915 nou
618 853 837 917 oboediendum
851 864 897 917 est
916 856 1104 926 Hermanno,
1130 854 1182 935 qui

109 947 255 1030 τανύσας
267 964 300 1017 ut
311 956 481 1035 glossatoris
494 957 587 1019 eiecit
610 956 1181 1031 atdebebatoboedireFritzschius,

111 1058 164 1139 qui
180 1059 260 1140 quod
272 1060 389 1138 egregie
403 1060 430 1120 H
436 1078 637 1122 ermannus
652 1060 787 1134 coniecit,
804 1059 901 1143 ῥῦμα,
916 1061 1078 1141 repudians
1088 1060 1181 1121 libro-

109 1153 446 1245 rumretinuita'pqu
463 1163 649 1224 nullomodo
669 1163 740 1224 illud
764 1163 883 1244 quidem
903 1162 1077 1235 ferendum,
1103 1164 1182 1225 unde

110 1265 193 1326 huuc
208 1264 307 1327 elicuit
322 1283 445 1328 sensum
459 1276 547 1347 poeta
562 1267 661 1327 hercle
684 1266 904 1344 dignissimum:
926 1270 987 1346 quis
1001 1267 1072 1328 uetita·
1084 1285 1181 1328 comae

109 1370 336 1436 munimentum,
352 1365 371 1427 i.
396 1385 421 1426 e.
437 1371 500 1447 quia
524 1369 595 1430 au‘ha'
618 1369 769 1430 reticulum
791 1372 891 1448 petria
915 1372 1075 1430 intereunte
1102 1370 1181 1431 deri-

107 1468 197 1552 piat?
210 1467 261 1547 144)
295 1471 363 1531 uolo
378 1470 436 1530 hoc
450 1489 602 1550 quaerere,
619 1472 769 1552 quomodo
790 1472 949 1533 reticulum
970 1472 1048 1533 istud
1064 1466 1183 1552 δακρυ-

110 1572 165 1637 όεν
180 1574 238 1636 dici
253 1573 363 1654 possit,
380 1574 431 1634 sed
447 1593 557 1653 quaero
582 1575 632 1653 qui
646 1574 768 1635 tandem
786 1573 898 1635 factum
920 1574 959 1635 sit
977 1581 1010 1636 ut
1031 1574 1089 1635 tale
1110 1574 1181 1654 quid

110 1696 167 1757 pro
183 1676 320 1756 genuinis
335 1683 441 1756 poetae
455 1676 554 1737 verbis
569 1677 677 1737 habeat
692 1677 725 1738 G.
741 1676 835 1737 Dind
847 1677 973 1738 orsius.
1053 1664 1056 1668 ¹

196 1779 334 1841 Moukii
367 1770 524 1858 ὀλομένας
559 1779 635 1841 sieut
670 1780 906 1842 Hermaunus
940 1779 1179 1842 Fritzseirius

111 1885 145 1945 G.
163 1882 325 1945 Diodori
331 1882 386 1944 ius
401 1882 498 1962 aptius
514 1901 580 1943 esse
594 1883 695 1963 putavi
716 1902 804 1964 quam
820 1884 900 1963 quod
921 1883 1091 1944 Erfurdtius
1107 1902 1179 1945 eou-

112 1986 192 2061 ieeit,
208 1977 394 2064 ὀλλυμένας.
955 2042 957 2046 .

199 2109 225 2149 v.
239 2087 311 2150 793.
333 2087 492 2149 Librorum
502 2079 705 2168 τὰν-γόνον,
722 2106 784 2148 non
792 2089 1023 2168 comparandum
1036 2089 1181 2171 illudqui·

111 2192 268 2254 demeum
285 2191 326 2253 eis
343 2210 419 2271 quae
434 2209 523 2271 supra
539 2192 605 2263 dixi,
624 2188 749 2254 νεανίαι
762 2183 902 2272 ἀγκάλαι
923 2201 953 2254 et
968 2187 1046 2276 τύχη
1062 2183 1180 2276 σωτήρ,

112 2295 228 2358 mutavi
242 2294 274 2355 in
289 2287 348 2356 τὰν
369 2286 482 2376 γονάν,
512 2296 591 2376 quod
613 2296 730 2357 numeri
757 2312 878 2376 quoque
903 2295 993 2356 efficit
1019 2303 1052 2356 ut
1076 2296 1181 2356 meiius

110 2398 339 2479 perspiciantur.
375 2406 456 2459 eerte
466 2397 616 2460 immerito
628 2400 662 2460 G.
675 2400 842 2460 Diodorfius
854 2406 1026 2460 nostrorum
1038 2397 1182 2458 librorum

111 2502 259 2581 scriptura
275 2500 385 2562 abusus
400 2507 447 2562 est
461 2501 581 2562 Thesm.
603 2501 660 2562 116
675 2521 754 2582 αις..
775 2502 826 2563 uhi
849 2501 928 2582 quod
949 2500 1017 2561 iihri
1038 2499 1182 2579 praebent

110 2596 231 2684 σεμνὸν
244 2594 347 2685 ’γόνον
367 2602 503 2678 Λατοῦς
515 2597 671 2686 ’Ἀρτεμιν
685 2605 855 2685 postposuit
870 2622 924 2666 suo
949 2596 1067 2682 σεμνὰν
1088 2594 1181 2683 μόνον

110 2703 182 2770 κτλ.

200 2828 276 2871 vers.
293 2809 355 2870 ’194
370 2828 435 2889 sqq.
467 2807 555 2870 Metri
575 2828 662 2871 eausa
688 2827 757 2873 curn
776 2808 991 2871 Hermanno
1011 2798 1127 2886 ἔτυμος
1149 2805 1181 2868 iu

111 2904 272 2998 ἐτήτυμος
287 2914 407 2974 mutavi.
442 2911 549 2974 deinde
563 2921 644 2973 recte
659 2931 713 2993 pro
729 2902 837 2989 ἔτυχεν
851 2911 905 2973 viri
921 2911 999 2972 docti
1013 2911 1182 2988 Musgra-

112 3015 213 3077 vium
235 3015 347 3089 secuti,
367 3014 419 3096 qui
439 3007 473 3075 o'
496 3005 584 3076 ἔτεκε
603 3014 745 3088 coniecit,
765 3015 950 3094 scripserunt
969 3006 1087 3091 ἔτεκεν,
1114 3020 1183 3093 post

113 3137 220 3180 vocem
234 3109 338 3200 Λήδα
352 3117 423 3178 iliud
440 3109 472 3178 α’
487 3125 654 3197 posueruut
670 3118 865 3179 Elmsleius
881 3126 911 3180 et
927 3117 951 3176 N
959 3117 1124 3179 auckius.

201 3221 299 3283 versui
315 3219 386 3282 797.
422 3240 525 3283 uocem
540 3211 601 3282 εἴτ’
618 3239 680 3283 nen
701 3220 843 3300 adscripsi
854 3229 1011 3300 propterea
1032 3218 1112 3296 quod
1127 3234 1181 3276 vo-

115 3323 257 3387 cabulum
272 3319 373 3403 δέμας
386 3324 510 3404 periodo
526 3323 653 3404 ideoque
668 3331 764 3385 metro
780 3323 938 3385 clausulam
960 3321 1113 3400 imponere
1129 3338 1182 3399 ego

115 3427 240 3508 quidem
253 3414 308 3508 pro
324 3427 488 3489 certissimo
503 3427 606 3488 habeo.
624 3508 634 3526 ο

455 3600 601 3677 Vnus,
620 3599 850 3676 804.-818.

203 3759 291 3823 XLII.
305 3794 350 3805 -
364 3760 540 3824 Particulam
555 3754 615 3844 γάρ
631 3780 704 3840 quae
720 3759 800 3821 inest
822 3757 929 3820 versui.
939 3755 1021 3831 804„
1043 3756 1183 3840 quoniam

188 3953 232 4019 ιν)
251 3953 270 4003 r.
282 3953 300 4002 i.
314 3965 369 4020 μς.
384 3951 424 4002 aa.
