2588 4522
531 303 764 364 -131-

106 471 221 532 minori
237 472 358 552 quidem
373 473 507 553 Euripidi
523 475 747 535 condonassent.
782 476 843 535 Nee
858 476 958 538 minus
979 484 1045 555 apta
1062 476 1175 537 ridetur

108 594 143 636 ea
155 576 305 636 sententia
317 595 405 656 quam
418 577 453 636 de
466 594 553 637 versu
565 576 636 638 971.
654 578 690 637 W
699 578 743 638 eil
751 578 806 638 ius
817 580 895 652 tulit,
911 588 1084 659 corruptum
1096 580 1178 641 illum

108 696 177 740 esse
192 698 229 738 eo
245 678 325 758 quod
338 679 513 741 vocabulum
526 675 640 758 αἵματι
650 679 809 742 verborum
826 673 932 765 φόνου
944 679 1070 765 κηλῖσιν
1084 685 1180 745 inter-

108 782 249 862 pretandi
266 800 354 844 eausa
369 802 384 843 a
400 784 592 862 grammatico
615 785 713 863 aliquo
734 785 916 864 adscriptum
939 786 969 846 in
992 805 1109 848 versum
1132 806 1180 847 re-

109 893 231 965 ceptum
247 885 287 945 sit
303 886 395 946 eieeto
410 886 538 964 genuino
554 887 652 966 aliquo
670 887 767 948 verbo.
802 889 874 949 mihi
888 889 1008 968 quidem
1019 891 1076 951 hoe
1088 890 1180 968 magis

109 989 205 1069 placet
233 1008 324 1069 quam
345 991 460 1070 quoda
481 989 649 1051 Porsono
677 992 861 1071 propositum
888 1000 946 1066 est,
977 980 1015 1053 ὃν
1036 989 1113 1075 πρὶν
1134 985 1181 1065 εἰς

110 1085 242 1177 Φρύγας
263 1087 374 1155 ἐλθεῖν
396 1084 499 1177 φόνον
520 1089 647 1177 κηλῖσιν
671 1091 808 1173 αἵματος
829 1096 949 1177 χρανιῖ,
978 1097 1070 1173 magis
1092 1097 1180 1158 etiam

111 1215 200 1276 quam
221 1198 302 1277 quod
323 1217 359 1257 ex
384 1197 510 1258 Porsoni
538 1199 706 1260 coniectura
733 1199 922 1260 retinuerunt
949 1200 1181 1261 Hermannus

109 1298 377 1364 ilirehhoffius
394 1301 593 1372 NauekiuS,
615 1290 707 1363 ὃν-
722 1293 832 1364 ἐλθεῖν
855 1294 957 1386 φόνον
979 1300 1107 1386 κηλῖσιν
1130 1300 1194 1363 αἵ-»

109 1426 214 1486 ματος
241 1405 365 1489 χρανῶτ
401 1404 588 1486 probabiliter
615 1406 694 1467 enim
721 1406 844 1467 Weilius
872 1408 1009 1486 exposuit
1036 1409 1180 1486 originem

110 1511 326 1592 corruptionis,
353 1511 432 1591 quod
453 1510 500 1570 vix
521 1528 615 1589 aeque
635 1519 786 1588 praestent
806 1511 905 1570 ceteri.
940 1510 1018 1572 istud
1042 1529 1109 1572 vero
1131 1507 1183 1572 αλ-

76 1650 79 1654 ·
110 1636 200 1697 μανι,
217 1615 300 1695 quod
315 1615 383 1676 libri
398 1614 551 1694 praebent,
568 1633 583 1674 a
599 1614 831 1675 Firnhabero
853 1614 924 1676 illud
941 1615 1062 1694 quidem
1078 1624 1108 1677 et
1123 1634 1180 1677 nu·

112 1739 193 1799 pera
208 1718 358 1779 Klotzio
375 1719 626 1791 commendatum,
643 1718 765 1779 minime
780 1719 815 1779 ah
830 1718 972 1798 Euripide
988 1720 1030 1780 vel
1046 1720 1082 1781 ab
1095 1719 1182 1780 Euri-

114 1824 179 1903 pide
195 1823 314 1884 minore
329 1823 497 1902 proiectum
514 1831 574 1894 est,
591 1822 641 1883 sed
663 1822 710 1882 vix
731 1822 899 1883 miserrimo
921 1823 1040 1883 homine
1060 1824 1181 1900 dignum

88 1918 92 1925 ’
112 1927 238 2000 ridetur,
255 1926 314 1998 eui,
330 1926 446 1988 etiamsi
462 1926 566 1987 vitiose
583 1927 744 2005 productae
760 1926 912 2005 indulgeas
934 1928 1038 1988 tertiae
1054 1928 1180 2006 syllabae

111 2030 244 2092 vocabuli
269 2025 397 2116 αἵματι,
422 2029 640 2110 ineptissimam
662 2029 742 2090 illam
765 2047 826 2090 non
853 2030 920 2091 licet
948 2031 1079 2091 tribuere
1109 2050 1182 2093 sen-

110 2135 246 2198 tentiam.

197 2241 309 2302 Versus
325 2237 387 2299 973
403 2259 446 2320 sq.
464 2247 493 2300 et
508 2257 630 2320 prorsus
647 2237 853 2316 supervacanei
875 2249 946 2300 sunt
961 2258 1059 2319 neque
1075 2241 1182 2301 cohae-

110 2351 179 2404 rent
193 2362 263 2404 eum
279 2343 412 2423 eisquae
428 2342 625 2410 antecedunt,
646 2341 707 2400 sive
728 2340 860 2420 proxima
883 2349 1006 2421 spectas,
1028 2361 1043 2403 a
1067 2343 1181 2402 minore

110 2445 254 2526 Euripide
269 2446 317 2507 illa
333 2446 455 2526 quidem
471 2444 612 2525 prolecta,
628 2445 688 2505 sive
704 2446 832 2523 genuina
847 2447 968 2525 respicis
985 2447 1105 2508 maioris
1120 2447 1181 2507 Eu-

110 2550 225 2631 ripidis,
241 2550 294 2611 sed
309 2558 437 2630 utroque
457 2549 489 2610 in
505 2550 569 2610 loeo
590 2549 667 2609 male
694 2549 815 2610 adsutus
842 2549 905 2609 illos
932 2568 1072 2629 apparere
1098 2551 1181 2610 facile

112 2656 269 2717 concedas.
303 2655 444 2715 nimirum
461 2655 561 2733 inepte
576 2654 633 2713 hoe
648 2651 818 2712 institutum
835 2659 889 2724 est,
907 2661 939 2712 ut
951 2661 1109 2732 postquam
1123 2673 1181 2733 quo

110 2757 264 2838 iphigenia
281 2766 311 2818 et
326 2757 559 2837 Clytaemnestra
575 2755 681 2817 adfecti
698 2754 758 2814 sint
774 2756 850 2816 malo
872 2756 974 2817 leviter
996 2776 1180 2818 commemo-

112 2866 177 2921 rato
194 2878 301 2922 eorum
318 2866 432 2921 tantum
449 2859 595 2920 rationem
611 2857 713 2920 habuit
725 2877 800 2940 quae
813 2859 847 2918 ad
861 2881 893 2921 se
906 2860 1002 2941 ipsum
1015 2862 1183 2941 pertineant

112 2964 244 3044 solisque
260 2963 306 3024 his
322 2982 439 3025 summa
455 2963 598 3024 incensus
614 2972 658 3024 est
674 2963 717 3025 ira
734 2974 822 3045 atque
837 2966 1004 3045 iphigeniae
1021 2968 1181 3028 servandae

112 3068 274 3148 cupiditate
290 3067 388 3128 subito
403 3085 485 3128 nune
499 3067 625 3129 Achilles
641 3078 742 3148 aperte
758 3069 817 3130 iam
840 3070 1028 3149 peroratione
1047 3071 1122 3131 laeta
1144 3071 1179 3131 ad

111 3174 375 3252 Clytaemnestram
390 3191 423 3232 se
439 3180 601 3242 convertat,
614 3181 644 3233 et
656 3172 693 3233 ita
707 3174 825 3254 quidem
839 3174 921 3252 quasi
934 3193 972 3233 ne
984 3172 1075 3233 semel
1087 3173 1181 3233 iuter·
1257 3171 1264 3185 “

110 3277 243 3339 misisset
259 3274 380 3354 quidem
396 3275 472 3337 illius
487 3275 634 3337 rationem
656 3277 777 3356 eiusque
799 3284 916 3337 tantum
939 3275 1074 3354 filiaeque
1095 3293 1181 3337 eausa

111 3387 310 3460 suscepturus
326 3386 405 3440 esset
420 3397 613 3460 quaeeunque
630 3379 786 3441 moliturus
803 3388 856 3441 est.

194 3481 301 3544 Maiori
315 3482 404 3561 igitur
418 3483 553 3562 Euripidi
572 3485 627 3545 lios
651 3503 753 3545 versus
776 3482 954 3544 abiudieauti
976 3482 1060 3543 facile
1076 3482 1183 3561 opinor

111 3587 185 3649 mihi
200 3585 387 3658 adsentiens,
404 3584 457 3647 sed
472 3585 571 3647 minor
585 3586 740 3665 Euripides
755 3606 827 3647 num
843 3587 899 3647 hoo
920 3585 1023 3646 vitium
1044 3601 1107 3645 non
1130 3585 1183 3645 ad-

111 3690 229 3753 miserit
242 3689 369 3751 forsitan
385 3689 511 3750 dubites.
545 3697 646 3750 tamen
658 3691 758 3751 neseio
774 3708 812 3751 an
827 3696 907 3751 reete
922 3690 970 3751 hic
984 3707 1104 3769 quoque
1117 3707 1183 3749 ma-

113 3813 184 3858 num
205 3812 363 3873 agnoscam
386 3792 562 3854 recentioris
583 3793 660 3854 illius
686 3793 921 3874 interpolatoriS,
948 3811 1023 3873 quae
1053 3792 1182 3871 suspicio

112 3898 227 3961 duabus
249 3896 441 3979 potissimum
462 3895 553 3958 rebus
576 3896 729 3957 excitatur.
769 3896 902 3957 Primum
928 3897 1007 3956 enim
1029 3895 1183 3974 Euripides

114 4005 213 4067 minor
223 4010 326 4085 aperte
337 4009 420 4063 totus
432 4002 464 4061 in
475 4002 532 4063 hoo
543 4008 676 4062 versatus
690 4010 744 4075 est,
756 4000 969 4064 utiraeundum
982 4018 1015 4062 ao
1022 3999 1182 4077 superbum

934 4104 949 4152 9
956 4102 968 4128 *
