2588 4522
607 283 667 346 158
712 319 753 326 -

202 447 340 538 Κύπρις,
364 447 386 515 ά
408 450 443 516 δὲ
465 449 557 537 δουρί
578 444 724 531 Παλλάς,

195 552 286 642 Ἥρα
308 577 343 620 τε
365 552 444 632 Διὸς
466 544 604 630 ἀνακτος
627 548 738 630 εάναῖς
759 552 935 637 βασιλίσιν,

205 784 310 872 κρίσιν
331 782 389 850 ἐπί
410 786 546 869 στυγνὰν
567 779 634 871 ἔριν
655 807 690 849 τε

203 886 373 969 καλλονᾶς,
396 885 470 970 ἐμοί
491 888 527 952 δὲ
547 882 693 953 θάνατον

206 988 308 1074 δνομα
329 991 388 1076 μὲν
410 989 553 1077 φέροντα

203 1094 425 1176 Δανᾶίδαισιν,
449 1084 475 1157 ὦ
496 1089 600 1177 κόραι.
1098 1093 1172 1155 1310

106 1201 177 1264 ΧΟ.
205 1193 365 1286 πρόθυμά
388 1192 420 1262 α’
444 1192 556 1281 ἐλαβεν
569 1193 725 1283 ’Ἀρτεμις
746 1191 829 1282 πρὸς
843 1190 954 1260 Ἴλιον.

104 1434 162 1494 M).
207 1423 224 1494 δ
247 1427 282 1493 δὲ
303 1422 403 1492 τεκιίν
425 1448 465 1509 με
486 1422 549 1490 τάν
571 1419 736 1504 τάλαιναν,

207 1521 234 1594 ὦ
255 1532 356 1614 μᾶτερ
381 1519 407 1593 ὦ
428 1532 539 1616 μᾶτερ,

206 1627 329 1713 οῖ’χεται
349 1629 493 1719 προδούς
515 1627 643 1720 ἔρημον.

206 1727 232 1800 ιδ
255 1726 443 1800 δυστάλαιν’
467 1729 541 1819 ἔχω’,
564 1730 685 1822 πικράν

205 1835 324 1924 πικρὰν
346 1834 462 1904 ἰδοῖσα
485 1837 655 1903 δυσελέναν

207 1936 387 2028 φονεύομαι
409 1936 589 2023 διόλλυμαι,

206 2046 385 2130 σφαγαῖσιν
408 2039 586 2108 ἀνοσίοισιν
608 2039 741 2109 ἀνοσίου
762 2040 895 2132 πατρός.

206 2267 267 2359 Μή
288 2293 346 2353 μοι
366 2272 452 2334 ναῶν
473 2267 744 2356 χαλκεμβολάδων

206 2369 357 2463 πρύμνας
379 2371 435 2439 ἅδ’
459 2371 567 2452 Αάλίς
589 2376 752 2457 δέξασθαι

206 2470 320 2541 τούσδ’
344 2474 389 2554 είς
412 2474 531 2564 ὅρμους
553 2475 600 2556 εἰς
625 2480 743 2564 Τροίαν

208 2575 333 2668 ἀίφελεν
355 2577 472 2646 ἐλάταν
494 2580 678 2664 πομπαίαν,
699 2640 702 2645 .

206 2680 287 2770 μηδ’
312 2681 446 2749 ἀνταίαν
467 2689 605 2751 πνεῦσαι
626 2685 765 2770 πομπάν

206 2782 301 2868 Ζεύς,
324 2786 500 2870 μειλίσσων

209 2886 309 2973 αύραν
332 2887 442 2968 ύίλλοις
464 2889 564 2958 ἀλλαν
584 2894 717 2958 θνατῶν

208 2991 340 3080 λαίφεσι
362 2993 493 3083 χαίρειν,

207 3099 278 3173 τοῖς
300 3093 333 3161 δ’
357 3094 504 3184 ἐξορμᾶν,
528 3103 597 3176 τοῖς
620 3101 655 3166 δὲ
677 3100 827 3182 στέλλειν,

208 3201 294 3265 τοῖσι
317 3200 353 3266 δὲ
373 3199 509 3284 μέλλειν.
539 3286 541 3291 Ι

200 3418 251 3494 'H
268 3426 483 3515 πολύμοχθον
506 3427 559 3517 ἀρ’
583 3421 621 3520 ἦν
642 3427 731 3516 γένος
753 3423 774 3521 ἦ
796 3429 1010 3518 πολύμοχθον
1093 3440 1165 3503 1330

208 3529 360 3622 ἁμερίων,
383 3532 421 3601 νδ
443 3533 545 3623 χρεών
568 3534 603 3600 δέ
624 3560 656 3600 τι
679 3531 865 3621 δύσποτμον

211 3629 366 3718 ἀνδράσιν
389 3638 540 3726 ἀνευρεῖν.

210 3736 248 3805 lu}
272 3735 324 3806 ἰαί.

207 3840 331 3927 μεγάλα
353 3841 467 3912 πάθεα
488 3841 612 3930 μεγάλα
634 3837 668 3910 δ’
692 3843 772 3927 ἀχεα

208 3945 386 4025 Δανᾶίδαις
407 3952 540 4015 τιθεῖσα
565 3949 723 4038 Τυνδαρίς
744 3945 835 4037 κόρα.
