<?xml version="1.0" encoding="UTF-8"?>
<!DOCTYPE html PUBLIC "-//W3C//DTD XHTML 1.0 Transitional//EN"
    "http://www.w3.org/TR/xhtml1/DTD/xhtml1-transitional.dtd">
<html xmlns="http://www.w3.org/1999/xhtml" xml:lang="en" lang="en">
 <head>
  <title>
</title>
<meta http-equiv="Content-Type" content="text/html;charset=utf-8" />
  <meta name='ocr-system' content='tesseract 3.04.00' />
  <meta name='ocr-capabilities' content='ocr_page ocr_carea ocr_par ocr_line ocrx_word'/>
</head>
<body>
  <div class='ocr_page' id='page_1' title='image "./deiphigeniaeaul00henngoog_0034.png"; bbox 0 0 2588 4522; ppageno 0'>
   <div class='ocr_carea' id='block_1_1' title="bbox 543 293 735 353">
    <p class='ocr_par' dir='ltr' id='par_1_1' title="bbox 543 293 735 353">
     <span class='ocr_line' id='line_1_1' title="bbox 543 293 735 353; baseline 0 -14"><span class='ocrx_word' id='word_1_1' title='bbox 543 293 735 353; x_wconf 69' lang='lat'>..3„..</span> 
     </span>
    </p>
   </div>
   <div class='ocr_carea' id='block_1_2' title="bbox 96 458 1207 2096">
    <p class='ocr_par' dir='ltr' id='par_1_2' title="bbox 96 458 1207 2096">
     <span class='ocr_line' id='line_1_2' title="bbox 105 458 1173 545; baseline 0.001 -21"><span class='ocrx_word' id='word_1_2' title='bbox 105 472 136 524; x_wconf 86' lang='lat' dir='ltr'><strong>et</strong></span> <span class='ocrx_word' id='word_1_3' title='bbox 152 483 187 524; x_wconf 92' lang='lat' dir='ltr'><strong>eo</strong></span> <span class='ocrx_word' id='word_1_4' title='bbox 209 466 289 544; x_wconf 87' lang='lat' dir='ltr'><strong>quod</strong></span> <span class='ocrx_word' id='word_1_5' title='bbox 307 465 385 543; x_wconf 88' lang='lat' dir='ltr'><strong>apud</strong></span> <span class='ocrx_word' id='word_1_6' title='bbox 407 463 474 524; x_wconf 88' lang='lat' dir='ltr'><strong>Hcs.</strong></span> <span class='ocrx_word' id='word_1_7' title='bbox 492 464 670 524; x_wconf 88' lang='lat' dir='ltr'><strong>hanchahes</strong></span> <span class='ocrx_word' id='word_1_8' title='bbox 685 464 822 540; x_wconf 77' lang='lat' dir='ltr'><strong>glossam,</strong></span> <span class='ocrx_word' id='word_1_9' title='bbox 838 458 1028 543; x_wconf 76' lang='grc' dir='ltr'><em>ἄθραυστα,</em></span> <span class='ocrx_word' id='word_1_10' title='bbox 1046 459 1173 545; x_wconf 80' lang='grc' dir='ltr'><em>ἀπρόσ-</em></span> 
     </span>
     <span class='ocr_line' id='line_1_3' title="bbox 98 556 1171 654; baseline 0.001 -26"><span class='ocrx_word' id='word_1_11' title='bbox 98 585 201 629; x_wconf 83' lang='grc' dir='ltr'><strong><em>κοπα·</em></strong></span> <span class='ocrx_word' id='word_1_12' title='bbox 237 563 423 651; x_wconf 72' lang='grc' dir='ltr'><strong><em>Εὐριπίδης</em></strong></span> <span class='ocrx_word' id='word_1_13' title='bbox 439 563 616 648; x_wconf 68' lang='grc' dir='ltr'><em>Ἰφιγενείᾳ</em></span> <span class='ocrx_word' id='word_1_14' title='bbox 638 567 676 654; x_wconf 82' lang='grc' dir='ltr'><strong>τῇ</strong></span> <span class='ocrx_word' id='word_1_15' title='bbox 699 565 735 628; x_wconf 76' lang='grc' dir='ltr'><strong>ἓν</strong></span> <span class='ocrx_word' id='word_1_16' title='bbox 762 556 907 632; x_wconf 72' lang='lat' dir='ltr'><strong>Adlidet</strong></span> <span class='ocrx_word' id='word_1_17' title='bbox 930 585 1171 648; x_wconf 86' lang='lat' dir='ltr'><strong>quorumneque</strong></span> 
     </span>
     <span class='ocr_line' id='line_1_4' title="bbox 97 670 1170 752; baseline 0 -20"><span class='ocrx_word' id='word_1_18' title='bbox 97 672 159 732; x_wconf 93' lang='lat' dir='ltr'><strong>hoc</strong></span> <span class='ocrx_word' id='word_1_19' title='bbox 173 670 348 733; x_wconf 90' lang='lat' dir='ltr'><strong>vocabulum</strong></span> <span class='ocrx_word' id='word_1_20' title='bbox 365 690 463 751; x_wconf 85' lang='lat' dir='ltr'><strong>neque</strong></span> <span class='ocrx_word' id='word_1_21' title='bbox 485 670 526 733; x_wconf 92' lang='lat' dir='ltr'><strong>illi</strong></span> <span class='ocrx_word' id='word_1_22' title='bbox 542 689 645 732; x_wconf 88' lang='lat' dir='ltr'><strong>versus</strong></span> <span class='ocrx_word' id='word_1_23' title='bbox 660 672 691 731; x_wconf 94' lang='lat' dir='ltr'><strong>in</strong></span> <span class='ocrx_word' id='word_1_24' title='bbox 706 691 741 733; x_wconf 87' lang='lat' dir='ltr'><strong>ea</strong></span> <span class='ocrx_word' id='word_1_25' title='bbox 765 672 905 750; x_wconf 88' lang='lat' dir='ltr'><strong>leguntur</strong></span> <span class='ocrx_word' id='word_1_26' title='bbox 919 672 1072 752; x_wconf 80' lang='lat' dir='ltr'>Iphigenia</span> <span class='ocrx_word' id='word_1_27' title='bbox 1087 671 1170 733; x_wconf 80' lang='lat' dir='ltr'><strong>huli-</strong></span> 
     </span>
     <span class='ocr_line' id='line_1_5' title="bbox 97 775 1170 855; baseline 0.003 -20"><span class='ocrx_word' id='word_1_28' title='bbox 97 775 187 836; x_wconf 89' lang='lat' dir='ltr'><strong>densi</strong></span> <span class='ocrx_word' id='word_1_29' title='bbox 202 794 278 855; x_wconf 87' lang='lat' dir='ltr'><strong>quae</strong></span> <span class='ocrx_word' id='word_1_30' title='bbox 293 776 324 837; x_wconf 95' lang='lat' dir='ltr'><strong>in</strong></span> <span class='ocrx_word' id='word_1_31' title='bbox 338 775 449 837; x_wconf 87' lang='lat' dir='ltr'><strong>nostris</strong></span> <span class='ocrx_word' id='word_1_32' title='bbox 465 775 572 837; x_wconf 91' lang='lat' dir='ltr'><strong>tradita</strong></span> <span class='ocrx_word' id='word_1_33' title='bbox 589 783 635 836; x_wconf 86' lang='lat' dir='ltr'><strong>est</strong></span> <span class='ocrx_word' id='word_1_34' title='bbox 649 775 741 836; x_wconf 89' lang='lat' dir='ltr'><strong>libris.</strong></span> <span class='ocrx_word' id='word_1_35' title='bbox 774 776 830 837; x_wconf 92' lang='lat' dir='ltr'><strong>etsi</strong></span> <span class='ocrx_word' id='word_1_36' title='bbox 845 776 933 854; x_wconf 90' lang='lat' dir='ltr'><strong>igitur</strong></span> <span class='ocrx_word' id='word_1_37' title='bbox 956 777 1037 855; x_wconf 91' lang='lat' dir='ltr'><strong>quod</strong></span> <span class='ocrx_word' id='word_1_38' title='bbox 1059 796 1094 837; x_wconf 85' lang='lat' dir='ltr'><strong>ex</strong></span> <span class='ocrx_word' id='word_1_39' title='bbox 1110 776 1170 838; x_wconf 90' lang='lat' dir='ltr'><strong>He-</strong></span> 
     </span>
     <span class='ocr_line' id='line_1_6' title="bbox 97 878 1170 959; baseline 0 -20"><span class='ocrx_word' id='word_1_40' title='bbox 97 878 193 956; x_wconf 78' lang='lat' dir='ltr'><strong>spchii</strong></span> <span class='ocrx_word' id='word_1_41' title='bbox 207 879 304 957; x_wconf 83' lang='lat' dir='ltr'>glossa</span> <span class='ocrx_word' id='word_1_42' title='bbox 319 879 385 959; x_wconf 91' lang='lat' dir='ltr'><strong>quis</strong></span> <span class='ocrx_word' id='word_1_43' title='bbox 401 885 501 939; x_wconf 90' lang='lat' dir='ltr'><strong>sumat</strong></span> <span class='ocrx_word' id='word_1_44' title='bbox 515 886 724 957; x_wconf 81' lang='lat' dir='ltr'><strong>argumentum</strong></span> <span class='ocrx_word' id='word_1_45' title='bbox 746 897 869 958; x_wconf 90' lang='lat' dir='ltr'><strong>prorsus</strong></span> <span class='ocrx_word' id='word_1_46' title='bbox 892 880 1001 941; x_wconf 90' lang='lat' dir='ltr'><strong>nullius</strong></span> <span class='ocrx_word' id='word_1_47' title='bbox 1025 879 1170 941; x_wconf 80' lang='lat' dir='ltr'><strong>momenti</strong></span> 
     </span>
     <span class='ocr_line' id='line_1_7' title="bbox 100 981 1170 1064; baseline 0.002 -22"><span class='ocrx_word' id='word_1_48' title='bbox 100 990 159 1054; x_wconf 88' lang='lat' dir='ltr'><strong>est,</strong></span> <span class='ocrx_word' id='word_1_49' title='bbox 176 981 318 1061; x_wconf 89' lang='lat' dir='ltr'><strong>quoniam</strong></span> <span class='ocrx_word' id='word_1_50' title='bbox 333 991 385 1043; x_wconf 89' lang='lat' dir='ltr'><strong>aut</strong></span> <span class='ocrx_word' id='word_1_51' title='bbox 399 981 576 1060; x_wconf 78' lang='lat' dir='ltr'><strong>glossemate</strong></span> <span class='ocrx_word' id='word_1_52' title='bbox 592 983 689 1062; x_wconf 92' lang='lat' dir='ltr'><strong>aliquo</strong></span> <span class='ocrx_word' id='word_1_53' title='bbox 705 983 761 1043; x_wconf 89' lang='lat' dir='ltr'><strong>ista</strong></span> <span class='ocrx_word' id='word_1_54' title='bbox 781 984 884 1044; x_wconf 84' lang='lat' dir='ltr'><strong>vocula</strong></span> <span class='ocrx_word' id='word_1_55' title='bbox 906 983 989 1046; x_wconf 88' lang='lat' dir='ltr'><strong>facile</strong></span> <span class='ocrx_word' id='word_1_56' title='bbox 1009 1003 1045 1044; x_wconf 84' lang='lat' dir='ltr'><strong>ex</strong></span> <span class='ocrx_word' id='word_1_57' title='bbox 1064 992 1170 1064; x_wconf 88' lang='lat' dir='ltr'><strong>poetae</strong></span> 
     </span>
     <span class='ocr_line' id='line_1_8' title="bbox 98 1085 1171 1166; baseline 0.003 -21"><span class='ocrx_word' id='word_1_58' title='bbox 98 1085 197 1146; x_wconf 85' lang='lat' dir='ltr'><strong>verbis</strong></span> <span class='ocrx_word' id='word_1_59' title='bbox 211 1094 326 1148; x_wconf 87' lang='lat' dir='ltr'><strong>remota</strong></span> <span class='ocrx_word' id='word_1_60' title='bbox 341 1105 406 1147; x_wconf 87' lang='lat' dir='ltr'><strong>esse</strong></span> <span class='ocrx_word' id='word_1_61' title='bbox 421 1095 521 1166; x_wconf 87' lang='lat' dir='ltr'><strong>potest</strong></span> <span class='ocrx_word' id='word_1_62' title='bbox 543 1094 594 1148; x_wconf 89' lang='lat' dir='ltr'><strong>aut</strong></span> <span class='ocrx_word' id='word_1_63' title='bbox 612 1087 783 1148; x_wconf 91' lang='lat' dir='ltr'><strong>innomine</strong></span> <span class='ocrx_word' id='word_1_64' title='bbox 802 1087 949 1149; x_wconf 89' lang='lat' dir='ltr'><strong>laudando</strong></span> <span class='ocrx_word' id='word_1_65' title='bbox 972 1087 1033 1148; x_wconf 89' lang='lat' dir='ltr'><strong>sive</strong></span> <span class='ocrx_word' id='word_1_66' title='bbox 1054 1087 1171 1148; x_wconf 83' lang='lat' dir='ltr'><strong>fabulae</strong></span> 
     </span>
     <span class='ocr_line' id='line_1_9' title="bbox 99 1189 1170 1270; baseline 0.002 -20"><span class='ocrx_word' id='word_1_67' title='bbox 99 1189 163 1250; x_wconf 86' lang='lat' dir='ltr'><strong>sive</strong></span> <span class='ocrx_word' id='word_1_68' title='bbox 177 1198 285 1269; x_wconf 88' lang='lat' dir='ltr'><strong>poetae</strong></span> <span class='ocrx_word' id='word_1_69' title='bbox 300 1207 414 1252; x_wconf 89' lang='lat' dir='ltr'><strong>errasse</strong></span> <span class='ocrx_word' id='word_1_70' title='bbox 430 1190 654 1268; x_wconf 88' lang='lat' dir='ltr'><strong>grammaticum</strong></span> <span class='ocrx_word' id='word_1_71' title='bbox 669 1191 822 1268; x_wconf 83' lang='lat' dir='ltr'><strong>probabile</strong></span> <span class='ocrx_word' id='word_1_72' title='bbox 837 1201 896 1263; x_wconf 89' lang='lat' dir='ltr'><strong>est,</strong></span> <span class='ocrx_word' id='word_1_73' title='bbox 912 1191 1087 1270; x_wconf 89' lang='lat' dir='ltr'><strong>praesertim</strong></span> <span class='ocrx_word' id='word_1_74' title='bbox 1102 1210 1170 1252; x_wconf 93' lang='lat' dir='ltr'><strong>cum</strong></span> 
     </span>
     <span class='ocr_line' id='line_1_10' title="bbox 100 1287 1168 1375; baseline 0.002 -23"><span class='ocrx_word' id='word_1_75' title='bbox 100 1292 129 1353; x_wconf 91' lang='lat' dir='ltr'><strong>ei</strong></span> <span class='ocrx_word' id='word_1_76' title='bbox 144 1293 284 1354; x_wconf 87' lang='lat' dir='ltr'><strong>acciderit</strong></span> <span class='ocrx_word' id='word_1_77' title='bbox 299 1293 357 1355; x_wconf 93' lang='lat' dir='ltr'><strong>hoc</strong></span> <span class='ocrx_word' id='word_1_78' title='bbox 371 1312 398 1353; x_wconf 89' lang='lat' dir='ltr'><strong>v.</strong></span> <span class='ocrx_word' id='word_1_79' title='bbox 414 1287 667 1375; x_wconf 71' lang='grc' dir='ltr'><strong>ἀπαρθένευται</strong></span> <span class='ocrx_word' id='word_1_80' title='bbox 676 1291 701 1367; x_wconf 82' lang='lat'><strong>⁵)</strong></span> <span class='ocrx_word' id='word_1_81' title='bbox 719 1313 794 1375; x_wconf 88' lang='lat' dir='ltr'><strong>quae</strong></span> <span class='ocrx_word' id='word_1_82' title='bbox 806 1301 906 1354; x_wconf 90' lang='lat' dir='ltr'><strong>tamen</strong></span> <span class='ocrx_word' id='word_1_83' title='bbox 918 1294 1105 1355; x_wconf 91' lang='lat' dir='ltr'><strong>relincuntur</strong></span> <span class='ocrx_word' id='word_1_84' title='bbox 1120 1312 1168 1355; x_wconf 91' lang='lat' dir='ltr'><strong>ar-</strong></span> 
     </span>
     <span class='ocr_line' id='line_1_11' title="bbox 96 1396 1169 1479; baseline 0.002 -23"><span class='ocrx_word' id='word_1_85' title='bbox 96 1403 240 1474; x_wconf 87' lang='lat' dir='ltr'><strong>gumenta</strong></span> <span class='ocrx_word' id='word_1_86' title='bbox 262 1396 392 1459; x_wconf 87' lang='lat' dir='ltr'><strong>tirmiora</strong></span> <span class='ocrx_word' id='word_1_87' title='bbox 415 1396 557 1479; x_wconf 71' lang='lat' dir='ltr'><strong>videntur</strong></span> <span class='ocrx_word' id='word_1_88' title='bbox 578 1418 667 1479; x_wconf 90' lang='lat' dir='ltr'><strong>quam</strong></span> <span class='ocrx_word' id='word_1_89' title='bbox 688 1416 763 1479; x_wconf 83' lang='lat' dir='ltr'><strong>quae</strong></span> <span class='ocrx_word' id='word_1_90' title='bbox 784 1396 821 1458; x_wconf 91' lang='lat' dir='ltr'><strong>ah</strong></span> <span class='ocrx_word' id='word_1_91' title='bbox 844 1398 886 1458; x_wconf 92' lang='lat' dir='ltr'><strong>eis</strong></span> <span class='ocrx_word' id='word_1_92' title='bbox 908 1397 958 1477; x_wconf 88' lang='lat' dir='ltr'><strong>qui</strong></span> <span class='ocrx_word' id='word_1_93' title='bbox 980 1398 1055 1459; x_wconf 91' lang='lat' dir='ltr'><strong>duas</strong></span> <span class='ocrx_word' id='word_1_94' title='bbox 1075 1397 1169 1459; x_wconf 88' lang='lat' dir='ltr'><strong>fuisse</strong></span> 
     </span>
     <span class='ocr_line' id='line_1_12' title="bbox 102 1499 1168 1580; baseline 0.004 -23"><span class='ocrx_word' id='word_1_95' title='bbox 102 1499 271 1579; x_wconf 82' lang='lat' dir='ltr'><strong>Iphigenias</strong></span> <span class='ocrx_word' id='word_1_96' title='bbox 287 1500 460 1562; x_wconf 79' lang='lat' dir='ltr'><strong>Aulidenses</strong></span> <span class='ocrx_word' id='word_1_97' title='bbox 476 1520 537 1562; x_wconf 94' lang='lat' dir='ltr'><strong>non</strong></span> <span class='ocrx_word' id='word_1_98' title='bbox 560 1504 729 1564; x_wconf 87' lang='lat' dir='ltr'><strong>concedunt</strong></span> <span class='ocrx_word' id='word_1_99' title='bbox 748 1502 903 1562; x_wconf 86' lang='lat' dir='ltr'><strong>videantur</strong></span> <span class='ocrx_word' id='word_1_100' title='bbox 924 1501 1048 1563; x_wconf 88' lang='lat' dir='ltr'><strong>refutari</strong></span> <span class='ocrx_word' id='word_1_101' title='bbox 1070 1520 1168 1580; x_wconf 90' lang='lat' dir='ltr'><strong>posse.</strong></span> 
     </span>
     <span class='ocr_line' id='line_1_13' title="bbox 98 1602 1168 1686; baseline 0.003 -25"><span class='ocrx_word' id='word_1_102' title='bbox 98 1602 242 1664; x_wconf 90' lang='lat' dir='ltr'><strong>nimirum</strong></span> <span class='ocrx_word' id='word_1_103' title='bbox 259 1623 334 1684; x_wconf 90' lang='lat' dir='ltr'><strong>quae</strong></span> <span class='ocrx_word' id='word_1_104' title='bbox 349 1604 385 1666; x_wconf 88' lang='lat' dir='ltr'><strong>ah</strong></span> <span class='ocrx_word' id='word_1_105' title='bbox 400 1605 521 1667; x_wconf 82' lang='lat' dir='ltr'><strong>heliano</strong></span> <span class='ocrx_word' id='word_1_106' title='bbox 537 1607 675 1679; x_wconf 87' lang='lat' dir='ltr'><strong>citantur,</strong></span> <span class='ocrx_word' id='word_1_107' title='bbox 692 1607 734 1667; x_wconf 89' lang='lat' dir='ltr'><strong>eis</strong></span> <span class='ocrx_word' id='word_1_108' title='bbox 756 1623 818 1666; x_wconf 92' lang='lat' dir='ltr'><strong>non</strong></span> <span class='ocrx_word' id='word_1_109' title='bbox 839 1606 973 1686; x_wconf 84' lang='lat' dir='ltr'><strong>cogimur</strong></span> <span class='ocrx_word' id='word_1_110' title='bbox 993 1605 1030 1665; x_wconf 91' lang='lat' dir='ltr'><strong>de</strong></span> <span class='ocrx_word' id='word_1_111' title='bbox 1053 1605 1168 1665; x_wconf 90' lang='lat' dir='ltr'><strong>duahus</strong></span> 
     </span>
     <span class='ocr_line' id='line_1_14' title="bbox 97 1706 1168 1790; baseline 0.002 -24"><span class='ocrx_word' id='word_1_112' title='bbox 97 1706 206 1768; x_wconf 87' lang='lat' dir='ltr'><strong>sabulis</strong></span> <span class='ocrx_word' id='word_1_113' title='bbox 223 1708 359 1786; x_wconf 87' lang='lat' dir='ltr'><strong>cogitare,</strong></span> <span class='ocrx_word' id='word_1_114' title='bbox 376 1709 429 1769; x_wconf 90' lang='lat' dir='ltr'><strong>sed</strong></span> <span class='ocrx_word' id='word_1_115' title='bbox 446 1708 519 1770; x_wconf 92' lang='lat' dir='ltr'><strong>mira</strong></span> <span class='ocrx_word' id='word_1_116' title='bbox 539 1711 587 1771; x_wconf 89' lang='lat' dir='ltr'><strong>illa</strong></span> <span class='ocrx_word' id='word_1_117' title='bbox 602 1710 799 1790; x_wconf 79' lang='lat' dir='ltr'><strong>repugnantia</strong></span> <span class='ocrx_word' id='word_1_118' title='bbox 815 1709 1009 1781; x_wconf 80' lang='lat' dir='ltr'><strong>scholiorum,</strong></span> <span class='ocrx_word' id='word_1_119' title='bbox 1030 1709 1055 1769; x_wconf 92' lang='lat' dir='ltr'><strong>si</strong></span> <span class='ocrx_word' id='word_1_120' title='bbox 1070 1709 1168 1770; x_wconf 88' lang='lat' dir='ltr'><strong>neutri</strong></span> 
     </span>
     <span class='ocr_line' id='line_1_15' title="bbox 98 1809 1169 1892; baseline 0.002 -22"><span class='ocrx_word' id='word_1_121' title='bbox 98 1809 252 1872; x_wconf 91' lang='lat' dir='ltr'><strong>abiudioas</strong></span> <span class='ocrx_word' id='word_1_122' title='bbox 268 1814 493 1887; x_wconf 85' lang='lat' dir='ltr'><strong>auctoritatem,</strong></span> <span class='ocrx_word' id='word_1_123' title='bbox 516 1814 601 1874; x_wconf 89' lang='lat' dir='ltr'><strong>aliter</strong></span> <span class='ocrx_word' id='word_1_124' title='bbox 621 1814 684 1874; x_wconf 91' lang='lat' dir='ltr'><strong>tolli</strong></span> <span class='ocrx_word' id='word_1_125' title='bbox 705 1831 768 1875; x_wconf 91' lang='lat' dir='ltr'><strong>non</strong></span> <span class='ocrx_word' id='word_1_126' title='bbox 787 1820 901 1892; x_wconf 88' lang='lat' dir='ltr'><strong>potest:</strong></span> <span class='ocrx_word' id='word_1_127' title='bbox 928 1814 1007 1873; x_wconf 92' lang='lat' dir='ltr'><strong>unde</strong></span> <span class='ocrx_word' id='word_1_128' title='bbox 1028 1812 1061 1872; x_wconf 89' lang='lat' dir='ltr'><strong>lit</strong></span> <span class='ocrx_word' id='word_1_129' title='bbox 1083 1820 1116 1872; x_wconf 87' lang='lat' dir='ltr'><strong>ut</strong></span> <span class='ocrx_word' id='word_1_130' title='bbox 1135 1831 1169 1874; x_wconf 87' lang='lat' dir='ltr'><strong>ex</strong></span> 
     </span>
     <span class='ocr_line' id='line_1_16' title="bbox 98 1914 1207 1996; baseline 0.003 -23"><span class='ocrx_word' id='word_1_131' title='bbox 98 1914 159 1975; x_wconf 93' lang='lat' dir='ltr'><strong>hoc</strong></span> <span class='ocrx_word' id='word_1_132' title='bbox 173 1914 224 1993; x_wconf 91' lang='lat' dir='ltr'><strong>qui</strong></span> <span class='ocrx_word' id='word_1_133' title='bbox 240 1915 313 1976; x_wconf 91' lang='lat' dir='ltr'><strong>duas</strong></span> <span class='ocrx_word' id='word_1_134' title='bbox 329 1914 443 1977; x_wconf 88' lang='lat' dir='ltr'><strong>fabulas</strong></span> <span class='ocrx_word' id='word_1_135' title='bbox 458 1915 551 1978; x_wconf 86' lang='lat' dir='ltr'><strong>luisse</strong></span> <span class='ocrx_word' id='word_1_136' title='bbox 566 1916 690 1996; x_wconf 83' lang='lat' dir='ltr'><strong>colligit,</strong></span> <span class='ocrx_word' id='word_1_137' title='bbox 713 1917 826 1996; x_wconf 87' lang='lat' dir='ltr'><strong>optimo</strong></span> <span class='ocrx_word' id='word_1_138' title='bbox 849 1917 876 1977; x_wconf 89' lang='lat' dir='ltr'><strong>ei</strong></span> <span class='ocrx_word' id='word_1_139' title='bbox 895 1915 927 1976; x_wconf 92' lang='lat' dir='ltr'><strong>in</strong></span> <span class='ocrx_word' id='word_1_140' title='bbox 948 1914 1003 1978; x_wconf 91' lang='lat' dir='ltr'><strong>hac</strong></span> <span class='ocrx_word' id='word_1_141' title='bbox 1018 1915 1169 1977; x_wconf 86' lang='lat' dir='ltr'><strong>sententia</strong></span> <span class='ocrx_word' id='word_1_142' title='bbox 1205 1947 1207 1951; x_wconf 31' lang='grc' dir='ltr'><em>ν</em></span> 
     </span>
     <span class='ocr_line' id='line_1_17' title="bbox 98 2015 556 2096; baseline 0.009 -20"><span class='ocrx_word' id='word_1_143' title='bbox 98 2015 256 2096; x_wconf 90' lang='lat' dir='ltr'><strong>probanda</strong></span> <span class='ocrx_word' id='word_1_144' title='bbox 271 2017 406 2080; x_wconf 90' lang='lat' dir='ltr'><strong>subsidio</strong></span> <span class='ocrx_word' id='word_1_145' title='bbox 422 2020 460 2080; x_wconf 89' lang='lat' dir='ltr'><strong>sit</strong></span> <span class='ocrx_word' id='word_1_146' title='bbox 475 2020 556 2081; x_wconf 93' lang='lat' dir='ltr'><strong>illud.</strong></span> 
     </span>
    </p>
   </div>
   <div class='ocr_carea' id='block_1_3' title="bbox 25 2155 1169 3276">
    <p class='ocr_par' dir='ltr' id='par_1_3' title="bbox 25 2155 1169 3276">
     <span class='ocr_line' id='line_1_18' title="bbox 185 2155 1168 2240; baseline -0.001 -19"><span class='ocrx_word' id='word_1_147' title='bbox 185 2156 246 2221; x_wconf 85' lang='lat' dir='ltr'><strong>Hac</strong></span> <span class='ocrx_word' id='word_1_148' title='bbox 260 2159 376 2220; x_wconf 88' lang='lat' dir='ltr'><strong>ratione</strong></span> <span class='ocrx_word' id='word_1_149' title='bbox 391 2159 505 2238; x_wconf 90' lang='lat' dir='ltr'><strong>primus</strong></span> <span class='ocrx_word' id='word_1_150' title='bbox 521 2155 727 2221; x_wconf 73' lang='lat' dir='ltr'><strong>usus&#39;videtur</strong></span> <span class='ocrx_word' id='word_1_151' title='bbox 741 2157 996 2237; x_wconf 66' lang='lat' dir='ltr'><strong>Boeckhiusl).</strong></span> <span class='ocrx_word' id='word_1_152' title='bbox 1021 2159 1071 2240; x_wconf 88' lang='lat' dir='ltr'><strong>qui</strong></span> <span class='ocrx_word' id='word_1_153' title='bbox 1088 2159 1168 2220; x_wconf 90' lang='lat' dir='ltr'><strong>enim</strong></span> 
     </span>
     <span class='ocr_line' id='line_1_19' title="bbox 97 2261 1168 2343; baseline 0.004 -24"><span class='ocrx_word' id='word_1_154' title='bbox 97 2268 170 2320; x_wconf 87' lang='lat' dir='ltr'><strong>ante</strong></span> <span class='ocrx_word' id='word_1_155' title='bbox 185 2279 256 2322; x_wconf 90' lang='lat' dir='ltr'><strong>eum</strong></span> <span class='ocrx_word' id='word_1_156' title='bbox 272 2262 308 2322; x_wconf 93' lang='lat' dir='ltr'><strong>de</strong></span> <span class='ocrx_word' id='word_1_157' title='bbox 324 2261 412 2324; x_wconf 92' lang='lat' dir='ltr'><strong>huius</strong></span> <span class='ocrx_word' id='word_1_158' title='bbox 427 2261 544 2324; x_wconf 84' lang='lat' dir='ltr'><strong>fabulae</strong></span> <span class='ocrx_word' id='word_1_159' title='bbox 559 2262 627 2324; x_wconf 89' lang='lat' dir='ltr'><strong>fatis</strong></span> <span class='ocrx_word' id='word_1_160' title='bbox 649 2282 682 2324; x_wconf 90' lang='lat' dir='ltr'><strong>ac</strong></span> <span class='ocrx_word' id='word_1_161' title='bbox 697 2263 873 2324; x_wconf 86' lang='lat' dir='ltr'><strong>condicione</strong></span> <span class='ocrx_word' id='word_1_162' title='bbox 889 2262 1093 2343; x_wconf 88' lang='lat' dir='ltr'><strong>quaesierunt,</strong></span> <span class='ocrx_word' id='word_1_163' title='bbox 1117 2280 1168 2323; x_wconf 87' lang='lat' dir='ltr'><strong>eos</strong></span> 
     </span>
     <span class='ocr_line' id='line_1_20' title="bbox 98 2363 1169 2446; baseline 0.004 -24"><span class='ocrx_word' id='word_1_164' title='bbox 98 2363 158 2424; x_wconf 89' lang='lat' dir='ltr'><strong>hoc</strong></span> <span class='ocrx_word' id='word_1_165' title='bbox 173 2364 293 2444; x_wconf 91' lang='lat' dir='ltr'><strong>quidem</strong></span> <span class='ocrx_word' id='word_1_166' title='bbox 308 2365 374 2427; x_wconf 91' lang='lat' dir='ltr'><strong>loco</strong></span> <span class='ocrx_word' id='word_1_167' title='bbox 395 2364 471 2446; x_wconf 87' lang='lat' dir='ltr'><strong>fugit</strong></span> <span class='ocrx_word' id='word_1_168' title='bbox 493 2365 564 2446; x_wconf 89' lang='lat' dir='ltr'><strong>quid</strong></span> <span class='ocrx_word' id='word_1_169' title='bbox 586 2367 623 2427; x_wconf 90' lang='lat' dir='ltr'><strong>de</strong></span> <span class='ocrx_word' id='word_1_170' title='bbox 644 2373 778 2445; x_wconf 87' lang='lat' dir='ltr'><strong>tempore</strong></span> <span class='ocrx_word' id='word_1_171' title='bbox 799 2385 858 2445; x_wconf 91' lang='lat' dir='ltr'><strong>quo</strong></span> <span class='ocrx_word' id='word_1_172' title='bbox 878 2373 942 2428; x_wconf 89' lang='lat' dir='ltr'><strong>acta</strong></span> <span class='ocrx_word' id='word_1_173' title='bbox 962 2366 1001 2428; x_wconf 87' lang='lat' dir='ltr'><strong>sit</strong></span> <span class='ocrx_word' id='word_1_174' title='bbox 1020 2365 1169 2446; x_wconf 89' lang='lat' dir='ltr'><strong>tragoedia</strong></span> 
     </span>
     <span class='ocr_line' id='line_1_21' title="bbox 98 2466 1169 2550; baseline 0.002 -24"><span class='ocrx_word' id='word_1_175' title='bbox 98 2466 205 2529; x_wconf 91' lang='lat' dir='ltr'><strong>doceat</strong></span> <span class='ocrx_word' id='word_1_176' title='bbox 220 2486 276 2529; x_wconf 92' lang='lat' dir='ltr'><strong>nos</strong></span> <span class='ocrx_word' id='word_1_177' title='bbox 293 2477 323 2529; x_wconf 89' lang='lat' dir='ltr'><strong>et</strong></span> <span class='ocrx_word' id='word_1_178' title='bbox 337 2468 418 2530; x_wconf 84' lang='lat' dir='ltr'><strong>locus</strong></span> <span class='ocrx_word' id='word_1_179' title='bbox 433 2468 480 2530; x_wconf 91' lang='lat' dir='ltr'><strong>ille</strong></span> <span class='ocrx_word' id='word_1_180' title='bbox 496 2470 547 2550; x_wconf 91' lang='lat' dir='ltr'><strong>qui</strong></span> <span class='ocrx_word' id='word_1_181' title='bbox 563 2478 607 2530; x_wconf 91' lang='lat' dir='ltr'><strong>est</strong></span> <span class='ocrx_word' id='word_1_182' title='bbox 619 2469 691 2530; x_wconf 86' lang='lat' dir='ltr'><strong>Ran.</strong></span> <span class='ocrx_word' id='word_1_183' title='bbox 704 2488 780 2530; x_wconf 91' lang='lat' dir='ltr'><strong>vers.</strong></span> <span class='ocrx_word' id='word_1_184' title='bbox 794 2469 855 2532; x_wconf 87' lang='grc'><strong>868</strong></span> <span class='ocrx_word' id='word_1_185' title='bbox 869 2488 913 2549; x_wconf 89' lang='lat' dir='ltr'><strong>sq.</strong></span> <span class='ocrx_word' id='word_1_186' title='bbox 926 2477 956 2530; x_wconf 89' lang='lat' dir='ltr'><strong>et</strong></span> <span class='ocrx_word' id='word_1_187' title='bbox 964 2469 1169 2549; x_wconf 81' lang='lat' dir='ltr'><strong>Aristophanis</strong></span> 
     </span>
     <span class='ocr_line' id='line_1_22' title="bbox 25 2570 1168 2653; baseline 0.002 -22"><span class='ocrx_word' id='word_1_188' title='bbox 25 2624 30 2631; x_wconf 89' lang='lat'>.</span> <span class='ocrx_word' id='word_1_189' title='bbox 97 2570 257 2632; x_wconf 91' lang='lat' dir='ltr'><strong>scholiasta</strong></span> <span class='ocrx_word' id='word_1_190' title='bbox 274 2573 413 2653; x_wconf 85' lang='lat' dir='ltr'><strong>quidque,</strong></span> <span class='ocrx_word' id='word_1_191' title='bbox 429 2572 503 2634; x_wconf 90' lang='lat' dir='ltr'><strong>haec</strong></span> <span class='ocrx_word' id='word_1_192' title='bbox 518 2592 586 2634; x_wconf 90' lang='lat' dir='ltr'><strong>cnm</strong></span> <span class='ocrx_word' id='word_1_193' title='bbox 599 2573 691 2634; x_wconf 89' lang='lat' dir='ltr'><strong>altero</strong></span> <span class='ocrx_word' id='word_1_194' title='bbox 708 2573 819 2634; x_wconf 84' lang='lat' dir='ltr'><strong>schoh&#39;o</strong></span> <span class='ocrx_word' id='word_1_195' title='bbox 831 2572 857 2633; x_wconf 88' lang='lat' dir='ltr'><strong>si</strong></span> <span class='ocrx_word' id='word_1_196' title='bbox 869 2578 1090 2652; x_wconf 86' lang='lat' dir='ltr'><strong>comparantur,</strong></span> <span class='ocrx_word' id='word_1_197' title='bbox 1107 2571 1168 2634; x_wconf 93' lang='lat' dir='ltr'><strong>col-</strong></span> 
     </span>
     <span class='ocr_line' id='line_1_23' title="bbox 96 2673 1169 2758; baseline 0.004 -25"><span class='ocrx_word' id='word_1_198' title='bbox 96 2673 150 2753; x_wconf 91' lang='lat' dir='ltr'><strong>ligi</strong></span> <span class='ocrx_word' id='word_1_199' title='bbox 171 2675 268 2754; x_wconf 91' lang='lat' dir='ltr'><strong>possit</strong></span> <span class='ocrx_word' id='word_1_200' title='bbox 288 2677 324 2738; x_wconf 92' lang='lat' dir='ltr'><strong>de</strong></span> <span class='ocrx_word' id='word_1_201' title='bbox 346 2675 461 2738; x_wconf 89' lang='lat' dir='ltr'><strong>duabus</strong></span> <span class='ocrx_word' id='word_1_202' title='bbox 487 2676 592 2737; x_wconf 82' lang='lat' dir='ltr'><strong>fabulis</strong></span> <span class='ocrx_word' id='word_1_203' title='bbox 621 2677 752 2737; x_wconf 89' lang='lat' dir='ltr'><strong>eiusdem</strong></span> <span class='ocrx_word' id='word_1_204' title='bbox 778 2676 955 2755; x_wconf 87' lang='lat' dir='ltr'><strong>argumenti.</strong></span> <span class='ocrx_word' id='word_1_205' title='bbox 1000 2695 1092 2758; x_wconf 88' lang='lat' dir='ltr'><strong>quare</strong></span> <span class='ocrx_word' id='word_1_206' title='bbox 1118 2676 1169 2756; x_wconf 93' lang='lat' dir='ltr'><strong>qui</strong></span> 
     </span>
     <span class='ocr_line' id='line_1_24' title="bbox 99 2768 1164 2861; baseline 0.004 -24"><span class='ocrx_word' id='word_1_207' title='bbox 99 2768 221 2858; x_wconf 88' lang='lat' dir='ltr'><strong>primus</strong></span> <span class='ocrx_word' id='word_1_208' title='bbox 234 2797 337 2840; x_wconf 81' lang='lat' dir='ltr'><strong>versus</strong></span> <span class='ocrx_word' id='word_1_209' title='bbox 351 2780 393 2841; x_wconf 92' lang='lat' dir='ltr'><strong>illi</strong></span> <span class='ocrx_word' id='word_1_210' title='bbox 408 2780 444 2841; x_wconf 90' lang='lat' dir='ltr'><strong>ah</strong></span> <span class='ocrx_word' id='word_1_211' title='bbox 461 2780 581 2841; x_wconf 83' lang='lat' dir='ltr'><strong>heliano</strong></span> <span class='ocrx_word' id='word_1_212' title='bbox 598 2800 633 2841; x_wconf 89' lang='lat' dir='ltr'><strong>ex</strong></span> <span class='ocrx_word' id='word_1_213' title='bbox 648 2780 796 2860; x_wconf 89' lang='lat' dir='ltr'><strong>Euripidis</strong></span> <span class='ocrx_word' id='word_1_214' title='bbox 812 2779 963 2860; x_wconf 78' lang='lat' dir='ltr'><strong>Iphigenia</strong></span> <span class='ocrx_word' id='word_1_215' title='bbox 986 2781 1067 2843; x_wconf 88' lang='lat' dir='ltr'><strong>citati</strong></span> <span class='ocrx_word' id='word_1_216' title='bbox 1088 2800 1164 2861; x_wconf 92' lang='lat' dir='ltr'><strong>quo-</strong></span> 
     </span>
     <span class='ocr_line' id='line_1_25' title="bbox 98 2881 1166 2964; baseline 0.003 -21"><span class='ocrx_word' id='word_1_217' title='bbox 98 2882 191 2943; x_wconf 90' lang='lat' dir='ltr'><strong>modo</strong></span> <span class='ocrx_word' id='word_1_218' title='bbox 207 2901 274 2944; x_wconf 92' lang='lat' dir='ltr'><strong>cum</strong></span> <span class='ocrx_word' id='word_1_219' title='bbox 290 2891 391 2946; x_wconf 88' lang='lat' dir='ltr'><strong>nostra</strong></span> <span class='ocrx_word' id='word_1_220' title='bbox 405 2882 506 2945; x_wconf 88' lang='lat' dir='ltr'><strong>lahula</strong></span> <span class='ocrx_word' id='word_1_221' title='bbox 522 2883 662 2963; x_wconf 89' lang='lat' dir='ltr'><strong>coniungi</strong></span> <span class='ocrx_word' id='word_1_222' title='bbox 683 2883 801 2964; x_wconf 87' lang='lat' dir='ltr'><strong>possint</strong></span> <span class='ocrx_word' id='word_1_223' title='bbox 822 2882 977 2964; x_wconf 86' lang='lat' dir='ltr'><strong>quaesivit,</strong></span> <span class='ocrx_word' id='word_1_224' title='bbox 1000 2881 1029 2944; x_wconf 92' lang='lat' dir='ltr'><strong>M</strong></span> <span class='ocrx_word' id='word_1_225' title='bbox 1035 2902 1166 2963; x_wconf 89' lang='lat' dir='ltr'><strong>usgra-</strong></span> 
     </span>
     <span class='ocr_line' id='line_1_26' title="bbox 97 2986 1166 3068; baseline 0 -20"><span class='ocrx_word' id='word_1_226' title='bbox 97 2986 196 3059; x_wconf 91' lang='lat' dir='ltr'><strong>vius,</strong></span> <span class='ocrx_word' id='word_1_227' title='bbox 211 3005 279 3049; x_wconf 89' lang='lat' dir='ltr'><strong>cum</strong></span> <span class='ocrx_word' id='word_1_228' title='bbox 294 2987 325 3048; x_wconf 93' lang='lat' dir='ltr'><strong>in</strong></span> <span class='ocrx_word' id='word_1_229' title='bbox 340 3007 375 3049; x_wconf 90' lang='lat' dir='ltr'><strong>eo</strong></span> <span class='ocrx_word' id='word_1_230' title='bbox 391 2988 562 3049; x_wconf 79' lang='lat' dir='ltr'><strong>offendisset</strong></span> <span class='ocrx_word' id='word_1_231' title='bbox 576 2988 656 3068; x_wconf 91' lang='lat' dir='ltr'><strong>quod</strong></span> <span class='ocrx_word' id='word_1_232' title='bbox 671 3005 753 3049; x_wconf 94' lang='lat' dir='ltr'><strong>nunc</strong></span> <span class='ocrx_word' id='word_1_233' title='bbox 765 2988 920 3049; x_wconf 83' lang='lat' dir='ltr'><strong>exordium</strong></span> <span class='ocrx_word' id='word_1_234' title='bbox 935 2987 1103 3067; x_wconf 90' lang='lat' dir='ltr'><strong>anapaestis</strong></span> <span class='ocrx_word' id='word_1_235' title='bbox 1119 2988 1166 3048; x_wconf 92' lang='lat' dir='ltr'><strong>in-</strong></span> 
     </span>
     <span class='ocr_line' id='line_1_27' title="bbox 98 3089 1166 3174; baseline -0.003 -20"><span class='ocrx_word' id='word_1_236' title='bbox 98 3094 189 3174; x_wconf 91' lang='lat' dir='ltr'><strong>cipiat</strong></span> <span class='ocrx_word' id='word_1_237' title='bbox 197 3089 230 3167; x_wconf 82' lang='lat'><strong>⁷),</strong></span> <span class='ocrx_word' id='word_1_238' title='bbox 248 3090 345 3173; x_wconf 86' lang='lat' dir='ltr'><strong>aliquo</strong></span> <span class='ocrx_word' id='word_1_239' title='bbox 362 3110 429 3153; x_wconf 91' lang='lat' dir='ltr'><strong>cum</strong></span> <span class='ocrx_word' id='word_1_240' title='bbox 445 3091 510 3152; x_wconf 88' lang='lat' dir='ltr'><strong>iure</strong></span> <span class='ocrx_word' id='word_1_241' title='bbox 525 3092 645 3173; x_wconf 91' lang='lat' dir='ltr'><strong>quidem</strong></span> <span class='ocrx_word' id='word_1_242' title='bbox 661 3092 719 3153; x_wconf 92' lang='lat' dir='ltr'><strong>hoc</strong></span> <span class='ocrx_word' id='word_1_243' title='bbox 733 3091 876 3164; x_wconf 91' lang='lat' dir='ltr'><strong>coniecit,</strong></span> <span class='ocrx_word' id='word_1_244' title='bbox 891 3109 995 3153; x_wconf 84' lang='lat' dir='ltr'><strong>verum</strong></span> <span class='ocrx_word' id='word_1_245' title='bbox 1010 3093 1166 3171; x_wconf 90' lang='lat' dir='ltr'><strong>prologum</strong></span> 
     </span>
     <span class='ocr_line' id='line_1_28' title="bbox 96 3194 1166 3276; baseline -0.003 -18"><span class='ocrx_word' id='word_1_246' title='bbox 96 3196 301 3270; x_wconf 85' lang='lat' dir='ltr'><strong>intercidisse,</strong></span> <span class='ocrx_word' id='word_1_247' title='bbox 321 3196 353 3258; x_wconf 93' lang='lat' dir='ltr'><strong>in</strong></span> <span class='ocrx_word' id='word_1_248' title='bbox 374 3213 434 3276; x_wconf 88' lang='lat' dir='ltr'><strong>quo</strong></span> <span class='ocrx_word' id='word_1_249' title='bbox 455 3195 578 3258; x_wconf 88' lang='lat' dir='ltr'><strong>ethaeo</strong></span> <span class='ocrx_word' id='word_1_250' title='bbox 600 3197 637 3256; x_wconf 91' lang='lat' dir='ltr'><strong>de</strong></span> <span class='ocrx_word' id='word_1_251' title='bbox 657 3195 855 3275; x_wconf 89' lang='lat' dir='ltr'><strong>supponenda</strong></span> <span class='ocrx_word' id='word_1_252' title='bbox 884 3212 968 3257; x_wconf 89' lang='lat' dir='ltr'><strong>cerva</strong></span> <span class='ocrx_word' id='word_1_253' title='bbox 989 3194 1166 3275; x_wconf 82' lang='lat' dir='ltr'><strong>praedixerit</strong></span> 
     </span>
    </p>
   </div>
   <div class='ocr_carea' id='block_1_4' title="bbox 97 3442 311 3451">
    <p class='ocr_par' dir='ltr' id='par_1_4' title="bbox 97 3442 311 3451">
     <span class='ocr_line' id='line_1_29' title="bbox 97 3442 311 3451; baseline -0.005 0"><span class='ocrx_word' id='word_1_254' title='bbox 97 3442 311 3451; x_wconf 55' lang='grc' dir='ltr'><em>Ἣ</em></span> 
     </span>
    </p>
   </div>
   <div class='ocr_carea' id='block_1_5' title="bbox 96 3552 1165 3850">
    <p class='ocr_par' dir='ltr' id='par_1_5' title="bbox 96 3552 1165 3850">
     <span class='ocr_line' id='line_1_30' title="bbox 168 3552 1165 3664; baseline -0.006 -18"><span class='ocrx_word' id='word_1_255' title='bbox 168 3552 416 3664; x_wconf 60' lang='grc' dir='ltr'><strong>ὓ1Ἀνίαρ11ένευτα·</strong></span> <span class='ocrx_word' id='word_1_256' title='bbox 448 3589 479 3646; x_wconf 84' lang='grc' dir='ltr'><strong>οὐ</strong></span> <span class='ocrx_word' id='word_1_257' title='bbox 498 3593 642 3661; x_wconf 76' lang='grc' dir='ltr'><strong>πρέποντα</strong></span> <span class='ocrx_word' id='word_1_258' title='bbox 664 3593 823 3664; x_wconf 75' lang='grc' dir='ltr'><em>παρθένοις.</em></span> <span class='ocrx_word' id='word_1_259' title='bbox 850 3588 996 3659; x_wconf 82' lang='grc' dir='ltr'><strong><em>Σοφοκλῆς</em></strong></span> <span class='ocrx_word' id='word_1_260' title='bbox 1026 3585 1165 3657; x_wconf 73' lang='grc' dir='ltr'><em>Ἰφιγενείᾳ</em></span> 
     </span>
     <span class='ocr_line' id='line_1_31' title="bbox 96 3667 1149 3752; baseline -0.007 -20"><span class='ocrx_word' id='word_1_261' title='bbox 96 3681 129 3752; x_wconf 78' lang='grc' dir='ltr'><strong>τῇ</strong></span> <span class='ocrx_word' id='word_1_262' title='bbox 143 3679 174 3732; x_wconf 73' lang='grc' dir='ltr'><strong>ἐν</strong></span> <span class='ocrx_word' id='word_1_263' title='bbox 185 3675 291 3732; x_wconf 73' lang='grc' dir='ltr'><strong>Αὐλίδι.</strong></span> <span class='ocrx_word' id='word_1_264' title='bbox 319 3679 636 3745; x_wconf 60' lang='lat' dir='ltr'><strong>nuncupandos&amp;</strong></span> <span class='ocrx_word' id='word_1_265' title='bbox 664 3675 855 3746; x_wconf 74' lang='grc' dir='ltr'><strong>ἀπαρθένευτα</strong></span> <span class='ocrx_word' id='word_1_266' title='bbox 867 3675 918 3744; x_wconf 81' lang='grc' dir='ltr'><strong>μὲν</strong></span> <span class='ocrx_word' id='word_1_267' title='bbox 931 3667 988 3726; x_wconf 80' lang='grc' dir='ltr'><em>τάδ’</em></span> <span class='ocrx_word' id='word_1_268' title='bbox 1000 3678 1054 3726; x_wconf 78' lang='grc' dir='ltr'><em>κτλ.</em></span> <span class='ocrx_word' id='word_1_269' title='bbox 1147 3715 1149 3719; x_wconf 92' lang='lat'>.</span> 
     </span>
     <span class='ocr_line' id='line_1_32' title="bbox 168 3782 612 3850; baseline -0.005 -15"><span class='ocrx_word' id='word_1_270' title='bbox 168 3782 188 3849; x_wconf 79' lang='lat'><strong>⁶)</strong></span> <span class='ocrx_word' id='word_1_271' title='bbox 207 3784 227 3837; x_wconf 88' lang='lat' dir='ltr'><strong>l.</strong></span> <span class='ocrx_word' id='word_1_272' title='bbox 237 3785 256 3835; x_wconf 91' lang='lat' dir='ltr'><strong>l.</strong></span> <span class='ocrx_word' id='word_1_273' title='bbox 269 3800 324 3849; x_wconf 77' lang='lat' dir='ltr'><strong>cap.</strong></span> <span class='ocrx_word' id='word_1_274' title='bbox 336 3783 415 3837; x_wconf 84' lang='lat' dir='ltr'><strong>xvn.</strong></span> <span class='ocrx_word' id='word_1_275' title='bbox 429 3799 485 3850; x_wconf 80' lang='lat' dir='ltr'><strong>pag.</strong></span> <span class='ocrx_word' id='word_1_276' title='bbox 498 3783 549 3836; x_wconf 80' lang='lat'><strong>214</strong></span> <span class='ocrx_word' id='word_1_277' title='bbox 561 3798 612 3850; x_wconf 84' lang='lat' dir='ltr'><strong>sqq.</strong></span> 
     </span>
    </p>
   </div>
   <div class='ocr_carea' id='block_1_6' title="bbox 101 3883 1165 4040">
    <p class='ocr_par' dir='ltr' id='par_1_6' title="bbox 101 3883 1165 4040">
     <span class='ocr_line' id='line_1_33' title="bbox 170 3883 1165 3955; baseline -0.01 -15"><span class='ocrx_word' id='word_1_278' title='bbox 170 3886 188 3954; x_wconf 66' lang='grc' dir='ltr'><strong>ἵ1</strong></span> <span class='ocrx_word' id='word_1_279' title='bbox 207 3889 294 3955; x_wconf 84' lang='lat' dir='ltr'><strong>Eurip.</strong></span> <span class='ocrx_word' id='word_1_280' title='bbox 307 3897 389 3955; x_wconf 82' lang='lat' dir='ltr'><strong>tragg.</strong></span> <span class='ocrx_word' id='word_1_281' title='bbox 403 3896 451 3940; x_wconf 86' lang='lat' dir='ltr'><strong>etc.</strong></span> <span class='ocrx_word' id='word_1_282' title='bbox 466 3903 499 3939; x_wconf 87' lang='lat' dir='ltr'><strong>ox</strong></span> <span class='ocrx_word' id='word_1_283' title='bbox 511 3886 569 3938; x_wconf 85' lang='lat' dir='ltr'><strong>edit.</strong></span> <span class='ocrx_word' id='word_1_284' title='bbox 581 3888 683 3936; x_wconf 71' lang='lat' dir='ltr'><strong>Bornos,</strong></span> <span class='ocrx_word' id='word_1_285' title='bbox 693 3883 733 3936; x_wconf 90' lang='grc'><strong>111.</strong></span> <span class='ocrx_word' id='word_1_286' title='bbox 746 3886 839 3936; x_wconf 89' lang='lat' dir='ltr'><strong>contin.</strong></span> <span class='ocrx_word' id='word_1_287' title='bbox 851 3885 980 3950; x_wconf 83' lang='lat' dir='ltr'><strong>Musgrav.</strong></span> <span class='ocrx_word' id='word_1_288' title='bbox 991 3889 1042 3933; x_wconf 90' lang='lat' dir='ltr'><strong>not.</strong></span> <span class='ocrx_word' id='word_1_289' title='bbox 1053 3889 1102 3932; x_wconf 89' lang='lat' dir='ltr'><strong>ete.</strong></span> <span class='ocrx_word' id='word_1_290' title='bbox 1112 3896 1165 3931; x_wconf 89' lang='lat' dir='ltr'><strong>eur.</strong></span> 
     </span>
     <span class='ocr_line' id='line_1_34' title="bbox 101 3975 538 4040; baseline -0.011 -13"><span class='ocrx_word' id='word_1_291' title='bbox 101 3977 175 4028; x_wconf 79' lang='lat' dir='ltr'><strong>lleclr.</strong></span> <span class='ocrx_word' id='word_1_292' title='bbox 206 3975 273 4040; x_wconf 81' lang='lat' dir='ltr'><strong>Lips.</strong></span> <span class='ocrx_word' id='word_1_293' title='bbox 287 3993 308 4027; x_wconf 87' lang='lat' dir='ltr'><strong>a.</strong></span> <span class='ocrx_word' id='word_1_294' title='bbox 325 3978 398 4029; x_wconf 76' lang='lat'>1788.</span> <span class='ocrx_word' id='word_1_295' title='bbox 411 3992 467 4040; x_wconf 86' lang='lat' dir='ltr'><strong>pag.</strong></span> <span class='ocrx_word' id='word_1_296' title='bbox 481 3975 538 4023; x_wconf 79' lang='lat'><strong>273.</strong></span> 
     </span>
    </p>
   </div>
   <div class='ocr_carea' id='block_1_7' title="bbox 870 4000 952 4089">
    <p class='ocr_par' dir='ltr' id='par_1_7' title="bbox 870 4000 952 4089">
     <span class='ocr_line' id='line_1_35' title="bbox 870 4000 952 4089; baseline -0.012 -82"><span class='ocrx_word' id='word_1_297' title='bbox 870 4000 952 4089; x_wconf 46' lang='grc' dir='ltr'><strong>,μ</strong></span> 
     </span>
    </p>
   </div>
   <div class='ocr_carea' id='block_1_8' title="bbox 0 0 1298 4522">
    <p class='ocr_par' dir='ltr' id='par_1_8' title="bbox 0 0 1298 4522">
     <span class='ocr_line' id='line_1_36' title="bbox 0 0 1298 4522; baseline 0 0"><span class='ocrx_word' id='word_1_298' title='bbox 0 0 1298 4522; x_wconf 95' lang='lat' dir='ltr'><strong> </strong></span> 
     </span>
    </p>
   </div>
  </div>
 </body>
</html>
