2588 4522
473 280 706 340 -159-

142 468 170 508 v.
188 446 279 507 1284.
312 448 417 521 νάπος
439 448 575 532 Φρυγῶν
589 449 702 528 scripsi.
730 450 1127 512 sedescommutarunthaec

56 553 146 614 verba
161 551 194 612 in
208 551 300 612 libris.

141 675 168 716 r.
192 653 283 714 1292.
322 651 487 738 τραφέντα
513 656 617 735 scripsi
642 675 709 717 cum
741 656 939 737 Hartungo.
972 655 1127 742 τραφέντ’

52 753 268 840 Ἀλέξανδρον
283 758 358 819 libri.
390 751 602 841 Ἀλέξανδρον
618 759 702 821 eiecit
717 760 897 822 Monkius.

144 883 169 922 v.
191 860 281 923 1297.
315 852 471 944 ῥοδόεντα
486 870 569 924 recte
585 863 750 925 restituunt
765 884 819 944 pro
836 884 870 925 eo
893 866 970 945 quod
990 866 1023 926 in
1044 867 1127 928 libris

57 976 111 1039 est,
127 955 285 1048 ῥοδόεντ’.

143 1067 467 1130 vers.1300.-1303.
506 1069 592 1130 Hunc
613 1070 710 1131 locum
730 1088 804 1131 num
828 1079 1001 1151 corruptum
1023 1072 1128 1134 ducam

58 1190 96 1236 an
112 1174 235 1235 lacunae
250 1172 490 1251 compensandae
505 1190 590 1234 causa
603 1173 639 1234 alt
651 1172 862 1253 interpolatore
874 1174 1008 1237 additum
1021 1175 1129 1237 iterum

58 1278 229 1355 iterumque
244 1275 356 1337 dubito.

145 1400 171 1441 n
191 1378 281 1440 1306.
316 1368 427 1451 εὐναῖς
441 1378 546 1458 scripsi
560 1397 627 1439 cum
643 1378 804 1441 Monkio.
838 1376 960 1444 εὐναῖσι
977 1382 1052 1443 iibri.

145 1501 222 1545 vers.
243 1481 324 1543 1323
340 1501 385 1561 sq.
418 1482 453 1542 ln
468 1481 551 1543 libris
564 1483 606 1543 sic
620 1482 764 1562 scriptum
781 1493 835 1556 est,

263 1578 342 1669 μηδ’
366 1577 501 1646 ἀνταίαν
522 1577 657 1669 Εὐρίπῳ

263 1687 402 1750 πνεῦσαι
423 1681 563 1767 πομπὰν
584 1683 666 1764 Ζεὺς
688 1686 875 1770 μειλίσσων.

62 1813 159 1876 neque
181 1800 283 1854 tamen
303 1794 364 1854 scio
384 1811 422 1854 an
445 1810 506 1852 non
526 1801 607 1854 recte
626 1794 737 1855 dictum
761 1795 800 1856 sit
827 1790 963 1856 ἀνταίαν
984 1781 1132 1876 Εὐρίπῳ.

62 1899 206 1980 (μισεῖται
223 1896 304 1957 enlm
320 1897 376 1956 hoc
392 1895 464 1956 mihi
479 1915 654 1974 persuasum
671 1898 776 1968 habeo,
792 1898 897 1959 mundi
918 1917 951 1958 ao
973 1906 1070 1958 terrae
1085 1916 1135 1958 re-

62 2001 200 2082 gionibus
216 2019 277 2060 non
293 2019 359 2060 esse
375 2005 472 2078 partes
489 2000 625 2062 adversas
640 2009 691 2062 aut
707 2021 838 2074 aversas,
861 2019 924 2062 non
938 2020 1062 2081 possum
1078 2001 1133 2061 ad-

65 2106 132 2168 duci
154 2112 190 2167 ut
209 2109 315 2164 ventos
334 2103 442 2182 partim
464 2122 480 2163 a
502 2110 584 2181 tergo
604 2104 712 2183 partim
736 2124 771 2165 ex
792 2106 915 2165 adverso
937 2123 1038 2166 earum
1063 2105 1134 2165 liare

63 2209 193 2281 credam,
210 2207 290 2269 unde
306 2205 443 2285 sequitur
464 2212 496 2266 ut
519 2225 623 2267 vocem
644 2198 780 2289 Εὐρίπῳ
800 2227 855 2287 pro
881 2209 1059 2287 glossemate
1079 2209 1132 2269 ha-

63 2313 150 2374 beam
166 2329 182 2371 a
198 2309 390 2389 grammatico
405 2309 503 2389 aliquo
523 2309 664 2371 vocabulo
689 2302 824 2372 ἇνιαίαν
846 2311 1001 2392 adscripto.
1037 2312 1133 2372 deleta

64 2424 165 2477 autem
182 2414 229 2474 illa
244 2432 316 2474 voce
331 2430 394 2473 non
410 2413 500 2474 modo
516 2432 656 2474 versuum
672 2414 703 2473 in
719 2423 916 2475 consonantes
937 2416 992 2475 sibi
1008 2414 1132 2493 syllabas

64 2518 238 2580 exeuntium
254 2516 331 2577 bene
347 2516 537 2577 continuatur
558 2536 634 2596 quae
653 2519 840 2596 paroemiaco
861 2517 920 2581 isto
941 2519 1017 2579 male
1038 2518 1134 2578 inter-

64 2622 217 2703 rumpitur
232 2620 324 2682 series
339 2620 392 2681 sed
408 2636 517 2679 novum
534 2638 653 2699 qnoque
669 2621 796 2684 eflicitur
811 2623 1084 2707 homoeoteleuton,

267 2714 346 2807 μηδ’
371 2714 508 2784 ἀνταίαν
531 2721 669 2783 πνεῦσαι
690 2717 840 2805 πομποίν.

152 2849 179 2889 v.
198 2827 288 2888 1326.
323 2825 408 2888 Hunc
423 2844 541 2886 versum
563 2826 698 2888 inlibris
721 2829 872 2908 excipiunt
893 2829 980 2903 hacc,
1008 2827 1079 2902 τοῖς
1100 2823 1136 2889 δὲ

65 2925 183 3010 λίπον,
207 2929 277 3004 τοῖς
299 2925 330 2992 d'
354 2921 504 3010 ἀνάγκαν,
528 2949 613 3009 quae,
630 2931 656 2991 si
672 2931 792 3011 quidem
809 2933 890 2994 nullo
906 2934 995 2994 modo
1010 2940 1136 3013 possunt

64 3037 105 3098 ita
122 3055 192 3097 cum
207 3035 313 3097 ceteris
329 3032 471 3110 coniungi
488 3040 520 3094 ut
536 3052 641 3095 sanum
656 3036 820 3115 praebeant
835 3055 974 3109 sensum,
998 3055 1060 3097 non
1077 3038 1134 3098 du-

66 3141 129 3202 bito
150 3139 224 3220 quin
245 3138 331 3199 alieni
353 3137 507 3199 cuiusdam
529 3137 589 3198 sint
609 3139 813 3200 addidamenta
834 3141 1028 3201 adsimulandi
1050 3159 1136 3201 causa

66 3244 99 3305 in
114 3242 250 3321 margine
264 3241 421 3320 adscripta.
456 3238 507 3300 llis
522 3240 644 3302 secretis
660 3261 736 3321 quae
751 3242 938 3304 relincuntur
953 3242 1081 3321 genuina
1096 3242 1137 3303 ita

32 3385 35 3390 -
68 3356 141 3410 sunt
154 3345 324 3426 accipienda
340 3353 373 3405 ut
388 3335 500 3415 ὄίλλοις
522 3335 623 3405 ὄίλλαν
645 3352 674 3405 et
689 3355 899 3425 praeponatur,
916 3345 1024 3426 quippe
1039 3352 1135 3405 totum

68 3450 193 3530 singulis
207 3448 352 3529 partibus,
368 3455 398 3508 et
413 3446 445 3507 in
462 3465 556 3525 aequo
576 3455 704 3526 ponatur
727 3449 822 3511 tribus
843 3450 898 3510 illis
923 3448 1030 3529 quibus
1058 3447 1137 3508 exci-

69 3555 150 3633 pitur
171 3552 241 3627 τοῖς
264 3545 309 3614 δέ.
344 3550 487 3612 nimirum
504 3549 580 3611 hanc
600 3552 758 3613 verborum
780 3557 958 3612 structuram
980 3549 1086 3627 opinor
1105 3548 1137 3608 in

68 3666 170 3720 mente
190 3658 303 3718 habens
324 3655 496 3735 Euripides,
530 3644 641 3727 ἄλλοις
662 3652 798 3736 θνητοῖς
821 3645 921 3735 ἄλλην
945 3644 1046 3734 αίίραν
1068 3670 1139 3731 μει-

68 3757 200 3837 λίσσων,
228 3759 299 3833 τοῖς
326 3754 384 3838 μὲν
413 3749 496 3818 ὥστε
526 3751 661 3841 λαίφεσι
688 3750 806 3829 αὐτοὺς
834 3751 971 3838 χαίρειν,
1005 3754 1076 3829 τοῖς
1104 3750 1139 3816 δὲ

70 3859 154 3928 ὥστε
176 3859 316 3945 ἐξορμᾶν
339 3854 455 3935 αὐτούς
477 3858 555 3937 κτλ,
579 3875 719 3941 tanquam
736 3860 878 3922 inunum
901 3859 1049 3921 contraxit
1065 3877 1138 3939 quas

69 3954 131 4032 non
146 3970 186 4031 ita
204 3976 237 4029 ut
253 3966 380 4028 debebat
394 3966 528 4028 distinxit
539 3974 631 4027 totam
644 3984 708 4026 rem
721 3964 845 4045 eiusque
857 3973 965 4044 partes.
1001 3964 1139 4024 Ceterum
