2588 4522
540 304 773 364 -155-

110 494 181 536 nam
198 473 418 553 interpolatoris
434 475 639 537 condonamus
655 475 778 537 inertiae
799 495 874 556 quae
896 476 1020 537 minime
1036 475 1183 536 ferremus

109 579 141 639 in
166 577 302 638 versibus
325 577 360 639 ab
382 577 523 658 Euripide
546 580 726 659 compositis.
764 578 816 640 His
839 586 938 641 autem
959 579 1109 640 concessis
1129 597 1184 640 vox

105 676 301 766 Ἀφροδίτη,
318 700 393 760 quae
409 681 439 742 in
455 683 560 744 eodem
577 690 621 743 est
636 702 723 745 versu
736 683 837 758 trba,
853 683 933 744 nullo
946 682 1036 744 modo
1050 682 1182 743 eiciendo

111 805 169 848 nec
184 785 385 866 qualicunque
400 785 488 846 modo
504 786 723 864 compensanda
739 794 800 861 est,
816 785 871 847 etsi
887 786 1010 848 luerunt
1025 785 1076 865 qui
1092 785 1181 846 nimis

110 889 334 952 admirarentur
349 907 438 968 quam
454 889 576 950 Veneris
593 908 705 950 nomen
720 890 777 950 hoc
792 891 855 951 loco
872 889 1024 969 usurpavit
1036 888 1183 968 significa-

110 993 236 1055 tionem.
272 1010 361 1072 quam
384 1010 453 1051 vcro
476 993 560 1053 deam
582 992 827 1073 multiplicaverat
847 993 1024 1073 Sophocles,
1051 991 1080 1053 id
1102 992 1182 1070 quod

112 1099 259 1174 docemur
275 1097 366 1178 Soph.
382 1099 417 1156 lr.
436 1095 505 1158 788.
521 1095 602 1169 Nola,
1100 1089 1101 1092 ’

289 1186 421 1276 ὧθεσί,
444 1194 495 1272 τίς
517 1185 581 1283 ἆρα
603 1194 733 1283 Κύπρις
755 1192 777 1284 ἢ
798 1194 849 1272 τίς
869 1194 980 1280 ἵμερος

288 1298 382 1364 τοῦδε
396 1293 583 1387 ξυνήψατσς

112 1408 335 1488 multiplicatam
351 1413 451 1466 autem
467 1407 498 1466 in
513 1406 556 1466 rei
572 1406 633 1467 sive
650 1405 797 1486 qualitatis
814 1405 966 1466 notionem
979 1412 1182 1466 attenuaverat

111 1512 281 1593 Euripides
297 1518 331 1570 ut
345 1510 458 1570 Phoen.
476 1507 558 1579 399„

168 1607 301 1694 ἔχουσιν
323 1604 370 1690 (oti
393 1607 535 1690 ἐλπίδες)
555 1604 754 1696 Ἀφροδίτην
775 1603 837 1673 τιν’
861 1603 973 1696 ἡδεῖαν
993 1609 1110 1687 κακῶν,

112 1719 202 1782 simili
216 1718 306 1779 modo
322 1735 386 1778 eam
403 1715 544 1776 inducere
569 1715 681 1776 licuerit
702 1714 816 1776 bomini
838 1712 1067 1792 recentiori¹⁸⁸).
1101 1717 1182 1790 Quae

113 1842 183 1886 vero
199 1820 282 1883 nullo
300 1820 388 1880 modo
405 1818 537 1880 excusari
554 1836 643 1898 posse
663 1817 779 1878 videtur
799 1818 845 1879 bis
866 1818 961 1879 verbis
982 1818 1061 1879 inest
1080 1818 1181 1896 negle-

111 1925 220 2008 gentia,
242 1914 391 2006 θέσφατ’
415 1914 444 1983 εί
465 1913 553 1983 λύσω
575 1919 665 1997 θεᾶς,
690 1930 849 1999 quaesunt
865 1941 890 1981 v.
910 1921 999 1982 1268.
1016 1941 1083 1982 cum
1101 1922 1180 1983 enim

78 2008 81 2015 ⁵
114 2030 266 2093 oraculum
283 2027 328 2088 vel
344 2026 391 2087 dei
406 2025 579 2104 cuiusquam
606 2025 722 2086 iussum
748 2025 823 2086 solvi
848 2043 910 2087 non
936 2026 1030 2108 possit
1055 2025 1114 2087 nisi
1141 2026 1182 2086 cis

113 2152 190 2215 quae
216 2130 367 2212 praedicta
394 2136 465 2190 sunt
497 2137 605 2190 eventu
632 2128 849 2208 comprobatis,
883 2130 907 2191 si
940 2129 1058 2208 quidem
1085 2129 1126 2190 ita
1151 2129 1183 2190 in

112 2245 274 2314 utramque
289 2240 423 2312 spectant
442 2240 558 2312 partem
580 2251 775 2312 quaecunque
796 2233 1007 2313 praedicuntur
1028 2242 1075 2308 ut,
1098 2236 1181 2315 quic—

77 2318 79 2323 ’
113 2339 186 2419 quid
203 2336 312 2409 evenit,
328 2354 481 2415 nunquam
498 2335 580 2396 irrita
597 2336 683 2409 liant,
700 2337 776 2397 siout
791 2336 891 2399 bacin
906 2337 1020 2410 fabula,
1039 2339 1100 2399 sive
1123 2339 1180 2399 im-

113 2439 269 2503 molaverit
284 2440 347 2501 sive
362 2439 523 2500 servaverit
537 2439 718 2516 Agamemno
739 2439 936 2520 Iphigeniam,
958 2459 1032 2521 quae
1053 2460 1069 2502 a
1090 2440 1182 2502 Diana

112 2552 186 2608 sunt
202 2544 280 2606 edita
297 2543 579 2622 comprobabuntur,
596 2543 656 2604 sive
674 2543 808 2622 expedita
828 2543 890 2604 sive
907 2543 1047 2623 impedita
1063 2543 1181 2622 naviga-

111 2651 211 2711 tione:
247 2666 406 2727 quaecum
426 2646 556 2717 basiat,
580 2664 641 2707 non
662 2653 763 2726 potest
783 2634 911 2708 dubitari
932 2647 1003 2727 quin
1024 2641 1182 2730 θέσφατα

110 2744 200 2814 λύειν
222 2751 278 2812 hoc
293 2752 358 2811 loco
373 2750 479 2811 vitiose
495 2746 604 2810 dictum
621 2750 675 2820 sit,
696 2750 724 2810 id
747 2751 827 2831 quod
847 2770 882 2812 eo
904 2752 1096 2813 confirmatur
1115 2752 1180 2814 loco

111 2855 165 2937 qui
182 2861 228 2916 est
243 2871 316 2914 vers.
336 2853 416 2914 1484
432 2872 506 2933 sqq,
520 2851 572 2913 ubi
587 2852 682 2913 simile
697 2853 768 2914 illud
789 2845 936 2939 θέσφατ’
959 2849 1126 2939 ἐξαλείψω
1141 2857 1180 2917 ita

111 2961 290 3023 dictumest
311 2958 347 3018 de
368 2957 485 3018 oraculo
509 2958 704 3038 expungendo
724 2966 757 3019 ut
780 2959 852 3020 deae
876 2959 954 3020 iussa
976 2960 1182 3038 intellegantur

112 3061 297 3144 exequenda.

200 3165 328 3227 Scelusis
344 3174 445 3225 autem
464 3165 597 3244 quinque
616 3166 663 3227 his
684 3166 818 3228 versibus
843 3165 1083 3228 laea-1268.
1105 3168 1180 3229 mire

110 3269 248 3351 prolecto
265 3266 452 3346 comprobari
472 3267 590 3328 videtur
608 3268 639 3329 id
661 3272 740 3349 quod
761 3270 949 3332 adsentiente
970 3270 1178 3350 Hartungo‚

110 3374 281 3451 refragante
297 3370 511 3432 Hermanno
527 3371 653 3433 coniecit
667 3371 919 3447 Marklandus,
944 3391 1061 3434 versum
1087 3372 1178 3434 1263.

110 3475 363 3559 praemittendum
381 3493 446 3536 csse
463 3474 561 3534 versui
579 3475 668 3537 1262.
691 3477 833 3538 nimirum
857 3478 937 3557 quod
959 3477 1007 3537 ille
1026 3477 1180 3556 requisivit

110 3579 278 3644 sententiae
300 3578 443 3640 suadente
464 3578 664 3640 concinnitate
685 3598 766 3641 nunc
796 3599 939 3641 sonorum
966 3580 1096 3660 postulat
1117 3580 1177 3642 cle-

111 3680 221 3759 gantia,
243 3683 354 3763 quippe
377 3684 501 3763 quaein
525 3683 644 3745 casdem
667 3682 790 3762 syllabas
812 3683 986 3744 terminatos
1009 3702 1111 3745 versus
1130 3703 1179 3746 re-

300 3843 329 3850 σ-

183 3924 224 3989 ²⁸⁸)
243 3925 279 3977 De
292 3925 471 3992 multiplicatis
483 3926 586 3978 deorum
598 3929 714 3994 personis
726 3930 785 3982 vide
795 3945 857 3997 quae
870 3930 1102 3981 Schoomannus
1114 3929 1180 3979 dixit

112 4010 291 4077 antiquitatum
305 4010 460 4063 Graecarum
472 4013 524 4064 vol.
537 4013 565 4064 ll.
581 4029 635 4079 pag.
652 4014 700 4068 132
713 4031 749 4081 sq.
1222 4002 1228 4013 ¹
