2588 4522
481 257 714 319 -161-

365 501 510 577 VERS.
542 502 823 579 laen-1382.

149 698 248 760 LXlV.
265 735 305 741 —
320 699 376 772 Qui
391 699 423 760 in
440 700 485 761 bis
501 701 635 762 versibus
651 701 771 761 tertium
788 708 871 761 tenet
886 700 983 761 locum
1005 700 1127 780 perinde

64 812 153 885 atque
170 803 465 879 Hermannus'⁸⁰)
482 806 745 886 praemonentibus
767 804 955 883 llartnngo
977 812 1006 864 et
1027 804 1127 865 Mon-

65 908 124 969 lio
141 925 205 969 non
221 907 324 969 dubito
341 909 412 989 quin
427 929 488 972 non
504 910 542 971 sit
558 909 715 991 Euripidis
731 929 820 990 quam
837 909 1035 989 suspicionem
1060 928 1127 969 cum

64 1018 166 1073 movet
182 1011 356 1073 vocabulum
373 1005 511 1095 ὄλεθρος
525 1012 556 1073 in
572 1033 629 1094 qua
646 1012 769 1074 minime
784 1012 906 1075 decebat
917 1033 950 1075 re
962 1012 1126 1074 adhibitum

63 1124 126 1177 tum
144 1122 265 1197 praeter
279 1132 418 1177 numeros
435 1116 541 1179 misere
555 1117 703 1196 neglectos
722 1117 811 1178 nimis
831 1117 895 1178 lere
917 1118 1020 1179 suadet
1042 1137 1128 1197 argn-

65 1227 212 1283 mentum.
246 1220 295 1299 qui
311 1227 409 1281 autem
424 1221 522 1300 primo
538 1229 567 1281 et
583 1221 713 1281 secundo
736 1222 800 1282 loco
815 1221 903 1301 positi
925 1230 996 1282 sunt
1017 1241 1129 1294 versus,

67 1322 117 1385 etsi
131 1330 237 1403 aperte
252 1331 323 1384 srmt
337 1325 477 1405 corrupti,
494 1324 642 1405 quomodo
663 1332 763 1385 tamen
785 1334 863 1385 recte
886 1325 1081 1386 restituantur
1098 1327 1127 1386 in

64 1445 155 1489 omne
175 1446 283 1488 aevum
305 1429 478 1506 ambigetur.
515 1429 557 1491 Ac
576 1427 734 1490 Weilius
758 1428 877 1508 quidem
901 1428 972 1489 satis
994 1429 1130 1490 audacter

63 1548 231 1612 parumque
247 1532 437 1610 probabiliter
450 1532 525 1594 haec
540 1533 671 1604 coniecit,

142 1643 203 1725 τάς
223 1671 259 1712 σε
280 1645 458 1732 μελλούσας
480 1652 631 1734 γυναῖκας
651 1643 697 1736 μή
718 1672 751 1713 σι
773 1648 874 1734 δρῶσι
896 1642 1058 1734 βάρβαροι

139 1745 222 1839 μηδ’
246 1747 301 1818 ἔθ’
325 1749 514 1840 ἁρπάζουσιν
536 1749 629 1830 εὐνὰς
651 1747 765 1836 ὀλβίας
784 1749 821 1832 ἐξ
839 1746 999 1833 Ἑλλάδος,

62 1876 301 1939 Kirchhoflio
318 1879 424 1940 deinde
439 1888 508 1940 ante
523 1897 642 1940 versum
669 1876 756 1938 1381.
778 1876 920 1937 nonnulla
942 1877 1046 1937 deesse
1069 1876 1129 1936 risa

61 1989 153 2053 sunt,
180 1981 414 2045 Hermannus
435 1991 533 2043 autem
555 1982 598 2043 sic
621 1981 652 2041 in
678 1999 773 2042 unum
799 1980 947 2041 contraxit
972 1982 1026 2041 bos
1054 1980 1129 2040 duos

61 2102 177 2157 versus,

140 2178 202 2261 τάς
223 2206 258 2248 τε
279 2179 459 2267 μελλούσας
480 2186 632 2270 γυναῖκας
652 2178 775 2271 μηκέθ’
800 2177 959 2266 ἁρπάζειν
980 2179 1048 2264 ἐᾶν,

66 2290 168 2370 quain
186 2291 356 2353 coniectura
371 2291 471 2353 nescio
493 2312 531 2353 an
551 2293 608 2352 hoc
627 2291 777 2352 immerito
800 2290 964 2369 neglexerit
983 2290 1027 2351 vir
1047 2307 1131 2367 egre-

64 2393 142 2474 gius,
157 2394 273 2475 passivo
290 2414 364 2475 opus
381 2414 445 2456 esse
461 2386 682 2477 ἁρπάζεσθαι.
717 2403 749 2455 ut
763 2394 881 2455 silentio
896 2393 1130 2474 praetermittam

64 2498 208 2559 miseram
228 2518 315 2578 quam
337 2517 398 2560 non
421 2499 509 2561 vitato
531 2518 590 2578 quo
605 2498 793 2559 Hermannus
820 2498 920 2577 lapsus
946 2505 992 2556 est
1012 2503 1131 2575 peccato

62 2601 238 2680 Hartungus
253 2602 384 2663 adhibuit
400 2602 586 2672 medicinam,
602 2601 674 2662 mibi
690 2601 822 2680 quidem,
837 2609 992 2680 postquam
1009 2618 1041 2659 ea
1057 2618 1132 2679 quae

64 2713 139 2767 sunt
161 2698 201 2789 ἤν
221 2725 253 2766 τι
275 2701 379 2787 δρῶσι
399 2698 561 2788 βάρβαροι
582 2705 710 2766 intellexi
727 2705 850 2765 omnino
873 2704 942 2765 terri
959 2722 1020 2765 non
1035 2722 1132 2782 posse,

65 2809 138 2891 quia
152 2809 249 2889 ipsam
264 2809 343 2870 illam
358 2810 494 2871 iniuriam
511 2828 599 2889 quam
616 2808 775 2888 quominus
798 2808 906 2868 iterum
929 2807 1047 2869 barbari
1064 2825 1132 2868 mu-

65 2911 191 2975 lieribus
211 2912 342 2975 inferant
361 2913 416 2975 bac
442 2913 505 2995 ipsa
531 2913 718 2993 expeditione
740 2911 843 2973 Graeci
868 2911 1038 2992 impedituri
1065 2918 1136 2971 sunt

65 3016 146 3078 facta
162 3016 348 3096 expeditione
372 3017 521 3097 rebusque
543 3018 621 3079 bene
641 3017 733 3097 gestis
753 3016 862 3078 iterum
884 3017 1053 3095 iterumque
1073 3012 1138 3073 lieri

68 3118 197 3199 lingunt,
214 3137 317 3181 versus
337 3119 425 3181 1380.
441 3121 471 3182 in
488 3121 587 3182 codice
609 3121 705 3200 aliquo
726 3122 884 3199 archetypo
908 3119 1022 3179 videtur
1042 3115 1137 3176 muti-

72 3222 147 3285 latus
162 3222 256 3285 luisse
276 3224 443 3305 malamque
462 3224 658 3285 refectionem
680 3230 819 3302 expertus
841 3240 906 3282 esse
927 3217 1135 3282 emendatoris.

72 3324 215 3389 nimbum
231 3327 294 3388 fere
308 3328 385 3391 hanc
399 3329 447 3390 ille
461 3347 563 3390 versus
578 3326 748 3408 praebuerit
762 3325 899 3405 speciem,

36 3440 40 3445 ’
110 3466 173 3523 τας
193 3466 230 3509 τε
249 3443 430 3529 μελλοοσας
450 3466 603 3530 γοναικας
624 3493 823 3512 .......
846 3446 974 3528 βαρβαρ
998 3489 1005 3503 .
1030 3489 1037 3505 .
1062 3488 1069 3502 .
1094 3488 1101 3502 .

67 3569 101 3631 in
116 3568 227 3651 quibus
241 3577 321 3632 recte
337 3571 505 3634 reficiendis
522 3570 694 3651 ecquidem
717 3570 838 3632 nomine
859 3565 1065 3648 suppeditabat
1085 3563 1136 3643 qui
1245 3660 1248 3665 1

68 3674 208 3757 sequitur
222 3691 324 3737 versus
340 3683 373 3737 ut
388 3674 579 3737 scribendum
595 3694 662 3737 esse
683 3676 805 3736 doceret
819 3664 1015 3755 βαρβάρους.

142 3952 692 4025 ιοαοεαοηοιοσεασρρο.
897 4024 931 4076 n
