2588 4522
527 314 569 325 -
616 280 672 341 101
721 316 761 323 --

343 451 414 526 DE
442 447 670 526 STASIMO
698 447 951 526 SECUNDO.

509 591 587 654 (vm.
607 591 770 655 ran-mo.)

197 712 329 775 XXXIX.
346 715 426 776 Vers.
443 714 632 776 764.-767.
652 750 693 760 —-
708 715 817 776 Versus
833 715 896 777 764
911 734 955 794 sq.
976 715 1079 795 quales
1099 732 1181 777 nunc

107 816 140 878 in
155 817 239 878 libris
255 825 326 878 sunt
341 826 462 898 apparet
482 836 544 879 non
564 818 601 879 ab
622 817 763 898 Euripide
785 820 910 898 scriptos
932 837 1012 891 esse,
1035 818 1179 898 quoniam

108 938 175 981 non
191 920 280 980 modo
295 920 427 1000 glyconei
444 941 547 983 versus
563 921 616 982 sed
631 938 670 982 ne
685 921 844 1001 iogaoedici
860 922 980 1001 quidem
997 928 1067 982 sunt
1083 922 1181 982 nullo-

110 1041 172 1103 que
188 1023 278 1083 modo
293 1025 476 1103 respondere
491 1031 617 1105 possunt
638 1023 680 1084 eis
701 1023 834 1085 versibus
855 1024 906 1104 qui
929 1025 1059 1086 eundem
1080 1025 1180 1087 locum

109 1118 219 1196 tenent
233 1125 266 1185 iu
281 1126 475 1207 antistropha.
1147 1146 1148 1149 ¹

198 1228 342 1291 Accurate
358 1231 438 1291 enim
454 1229 526 1293 mihi
542 1229 721 1292 Graecorum
737 1237 892 1309 poetarum
913 1231 1048 1292 omnium
1070 1249 1121 1292 eos
1135 1230 1181 1291 lo-

110 1333 231 1414 eosqui
251 1334 385 1394 numeris
407 1332 584 1413 iogaoedicis
605 1332 763 1413 compositi
784 1339 854 1394 sunt
875 1341 990 1395 servato
1012 1341 1182 1413 temporum

111 1435 224 1517 quibus
239 1443 394 1516 poetarum
410 1436 536 1517 quisque
559 1435 629 1496 vixit
651 1436 756 1496 ordine
776 1436 966 1515 pertractanti
987 1435 1124 1516 apparuit
1145 1437 1182 1497 de

111 1541 180 1603 iure
202 1541 281 1620 apud
303 1539 517 1601 Rossbachium
540 1547 570 1601 et
589 1538 806 1618 Westphalium
827 1539 933 1615 (doctr.
954 1547 1041 1601 metr.
1061 1538 1118 1601 voi.
1134 1538 1182 1599 111.

111 1664 179 1725 pag.
196 1642 269 1705 478.
285 1644 332 1704 ed.
348 1643 381 1720 1.)
397 1643 428 1705 in
442 1642 567 1705 summis
584 1643 673 1703 huius
697 1642 786 1703 metri
808 1643 922 1722 iegibus
941 1643 1019 1703 hanc
1044 1641 1182 1723 proponi,

112 1767 154 1811 ne
166 1748 246 1809 inter
257 1747 332 1808 duos
345 1746 501 1826 dactylicos
513 1747 603 1826 pedes
615 1745 748 1806 eiusdem
765 1745 821 1806 coli
835 1745 992 1806 trochaeus
1009 1745 1074 1826 quis
1088 1745 1184 1806 inter-

112 1852 209 1914 cedat.
242 1856 401 1930 postquam
416 1856 515 1911 autem
532 1848 726 1928 eurythmiae,
742 1866 832 1928 quam
848 1848 899 1929 qui
921 1848 1088 1910 infitiantur
1101 1846 1184 1911 iniu-

113 1954 177 2029 riae
192 1951 306 2032 optime
327 1970 362 2013 ac
380 1951 519 2013 facillime
540 1957 742 2030 coarguuntur
762 1949 798 2011 ab
819 1950 1019 2030 Aristophane
1030 1950 1093 2032 ¹³⁵),
1120 1961 1182 2015 tam

114 2065 201 2121 caute
216 2073 306 2137 quam
322 2054 475 2134 diligenter
495 2055 625 2116 rationes
645 2053 840 2133 pervestigari
864 2054 969 2115 merito
996 2055 1085 2117 huius
1111 2056 1185 2137 legis

115 2180 151 2223 eo
167 2179 264 2240 usque
279 2176 457 2239 promovere
472 2157 546 2218 mihi
560 2155 662 2217 videor
676 2156 751 2216 fines
767 2164 801 2217 ut
815 2160 942 2219 fortasse
957 2158 1044 2220 unico
1062 2168 1184 2240 excepto

115 2261 239 2342 Phrygis
252 2260 299 2322 illo
311 2260 426 2322 cantico
440 2259 502 2336 (Or.
517 2257 759 2330 mon-1502.)
771 2259 909 2337 religiose
921 2279 987 2322 eam
998 2259 1185 2325 observatam

117 2348 185 2427 esse
201 2364 297 2425 dicam
311 2362 349 2423 ab
364 2362 503 2424 omnibus
519 2363 613 2441 poetis
636 2363 667 2422 in
683 2360 817 2440 quolibet
836 2363 910 2423 loco.
945 2363 997 2424 sed
1016 2363 1072 2424 hac
1094 2364 1131 2425 de
1152 2385 1186 2426 re

116 2469 215 2530 fusius
230 2473 260 2529 et
274 2465 438 2529 accuratius
454 2464 616 2546 quaerendi
639 2463 712 2525 alius
735 2463 792 2526 erit
811 2463 909 2533 locus,
930 2465 978 2527 hic
997 2466 1127 2527 breviter
1147 2468 1185 2528 de

115 2570 269 2651 glyconeis
284 2569 419 2630 versibus
438 2568 584 2648 agendum
611 2575 671 2638 est,
698 2584 774 2646 quos
800 2566 836 2626 ad
863 2574 978 2629 ceteros
1001 2568 1184 2648 lcgaoedicos

116 2691 223 2735 versus
238 2671 409 2733 iudicandos
424 2688 532 2749 magno
548 2676 702 2732 momento
718 2677 927 2749 esse-apparet.

206 2776 317 2837 Notum
333 2782 378 2836 est
392 2793 501 2836 novam
515 2773 647 2853 glyconei
663 2773 807 2847 formam,
824 2773 949 2834 alienam
965 2773 1045 2835 illam
1066 2775 1186 2856 quidem

119 2898 229 2942 evera
253 2878 342 2940 huius
368 2879 456 2941 metri
489 2884 614 2950 natura,
645 2875 681 2937 ab
712 2875 853 2957 Euripide
884 2885 1058 2957 usurpatam
1084 2878 1187 2951 tuisse,
1283 2940 1287 2946 ,

117 3006 177 3042 >1-
154 3029 391 3053 --------
412 2981 494 3042 vel-
506 3024 742 3046 eeeeeeee
686 2980 812 3057 (1
833 2980 922 3041 huius
943 2978 1060 3041 fabulae
1082 2998 1187 3042 versus

120 3088 194 3150 791.
213 3085 304 3149 1093.
325 3087 433 3147 versi
419 3083 552 3145 619.
570 3083 640 3146 96.
662 3104 738 3146 vers.
761 3083 892 3144 759.=
850 3085 1006 3159 -,77.0)
1027 3104 1102 3165 quae
1125 3102 1188 3145 non

119 3193 197 3270 fugit
222 3187 604 3271 AristophanemctRan.
628 3184 829 3247 1323.1353.
851 3177 1087 3269 (κουφοτάταις
1107 3204 1188 3246 me-

120 3286 230 3379 ρύγων
251 3282 382 3372 ἀκμαῖς)
399 3291 485 3353 Dind.
518 3291 612 3353 Huius
627 3290 718 3370 igitur
737 3290 852 3351 formae
874 3288 960 3350 tertia
983 3287 1080 3367 specie
1099 3287 1187 3349 Euri-

120 3397 207 3479 pides
222 3414 296 3458 usus
311 3395 427 3457 videtur
443 3414 517 3456 vers.
534 3394 606 3456 764.
622 3393 695 3455 765.
711 3394 747 3455 al.
759 3391 821 3469 ¹³⁶).
854 3399 885 3453 at
895 3391 1004 3454 merito
1016 3390 1190 3452 mirabimur

192 3623 236 3688 ¹³⁵)
256 3623 338 3673 Pauca
359 3621 481 3672 carmina=
491 3619 611 3671 adferant.
647 3619 709 3670 doh.
730 3620 803 3673 1150.
813 3649 847 3657 -
860 3619 933 3671 1161.
942 3641 976 3661 =
988 3617 1061 3670 1162.
1071 3645 1102 3655 -
1117 3619 1189 3670 1173.

120 3712 184 3765 nnn.
198 3713 291 3763 675-
301 3711 359 3761 685.
371 3729 406 3755 =
417 3707 577 3761 706-116.
600 3705 659 3757 Pac.
672 3708 729 3757 775.
738 3735 772 3743 -
782 3705 839 3756 796.
851 3725 883 3747 =
894 3704 952 3754 797.
962 3734 994 3741 -
1005 3704 1063 3756 818.
1089 3704 1187 3755 Theou.

122 3796 277 3851 arn-mo.
302 3796 374 3846 Eeel.
388 3797 419 3846 57
427 3795 542 3845 1.-586.

196 3883 238 3946 ¹³⁸)
257 3883 337 3936 Unum
350 3882 433 3931 locum
445 3879 579 3945 Sophoclis
593 3880 733 3944 ambiguum
751 3878 774 3929 si
787 3878 914 3944 excipias,
932 3880 997 3944 apud
1016 3879 1097 3930 solum
1115 3876 1191 3926 Euri·

122 3971 207 4038 pidom
218 3970 359 4035 reperitur.
