2588 4522
542 264 758 325 ...71-

113 430 197 491 enim
214 431 393 493 dissolutum
416 432 495 511 qnod
516 431 685 494 Dindorfius
707 434 938 514 deprehendisse
957 435 1013 496 sibi
1036 436 1116 499 visus
1138 446 1184 500 est
1258 456 1261 463 ·

112 534 235 595 dicendi
254 553 350 614 genus
370 552 496 612 agnosco
519 554 617 616 neque
639 537 789 599 soloeoum
814 546 887 617 puto
916 538 987 600 illud
1008 532 1095 614 εἰκός
1114 561 1180 603 cum

113 637 285 717 Hartuugo.
325 656 493 720 quanquam
516 659 585 701 oum
605 640 661 702 hoc
681 641 705 703 si
727 642 763 702 ad
784 640 872 701 verba
894 639 983 703 τοῖσι
1002 639 1184 723 βελτίστοις

112 743 288 821 supplerem
302 733 446 824 τρόποις,
464 743 587 805 minime
603 745 768 806 dubitarem
783 763 912 806 execare.

442 916 587 995 Vnus,
616 917 850 998 oea-510.

198 1074 301 1135 Xlllll.
321 1110 364 1119 —
379 1075 442 1135 lltsi
468 1075 532 1135 sine
555 1075 645 1136 dnbio
669 1084 748 1138 recte
769 1077 985 1156 Agamemnoni
1004 1080 1060 1142 hos
1080 1099 1182 1145 versus

93 1177 300 1251 ,continuavit
314 1178 561 1252 dermannus,
578 1184 678 1240 tamen
695 1179 729 1239 ab
741 1181 953 1259 interpolatore
972 1202 1023 1244 eos
1033 1184 1182 1262 profectos

110 1300 179 1343 esse
200 1282 306 1342 vellem
328 1299 366 1340 ne
386 1279 549 1341 dubitasset
579 1282 748 1343 existimare
774 1301 840 1342 cum
863 1281 1108 1359 Roeokbio⁹¹)‚
1135 1286 1182 1347 oui

110 1384 231 1446 adsensi
248 1390 320 1444 sunt
339 1381 570 1443 Matthiaeus
600 1384 756 1445 Bothius
783 1385 816 1445 G.
831 1385 1056 1448 llindorfius
1086 1388 1181 1450 Har-

107 1495 255 1565 tuugus
281 1484 485 1563 Vi·tzius⁹⁵)‚
501 1486 644 1547 adsentiri
660 1487 707 1546 vix
724 1487 866 1549 dubitavit
881 1488 1046 1550 Weilius.
1075 1510 1182 1571 quam-

108 1589 152 1651 vis
170 1589 300 1650 enimin
315 1591 450 1651 numeris
465 1610 528 1652 non
548 1589 653 1651 licebat
674 1589 748 1650 adeo
769 1590 922 1652 offendere
943 1598 977 1652 ut
999 1593 1181 1656 adulterinos

109 1712 163 1753 eos
179 1710 284 1752 versus
298 1711 363 1753 esse
375 1694 444 1755 inde
453 1693 572 1773 probari
584 1699 741 1772 putaretur
753 1700 781 1753 et
793 1694 927 1772 quamvis
940 1696 1087 1756 sententia
1098 1714 1181 1758 nuno

109 1796 235 1876 quidem
250 1814 348 1876 neque
363 1798 501 1860 intricata
516 1816 613 1877 neque
630 1796 754 1857 obscura
765 1797 891 1868 videtur,
907 1815 995 1858 voces
1008 1805 1108 1859 autem
1123 1819 1182 1861 εα-

109 1885 196 1978 ραχή
212 1901 241 1954 et
256 1890 428 1972 πλεονεξία
444 1897 523 1977 quod
546 1897 577 1956 in
592 1897 650 1956 boc
669 1912 730 1956 uno
750 1899 816 1960 loeo
837 1899 996 1979 Euripideo
1020 1911 1182 1965 occurrunt

108 1997 193 2078 parvi
208 1999 354 2059 momenti
370 2006 424 2073 est,
440 1982 497 2061 lioo
511 2000 693 2079 permultum
708 2002 792 2075 valet,
808 2002 836 2062 id
850 2003 929 2081 quod
941 2004 1106 2066 Roeelabius
1119 2023 1180 2066 non
1244 2024 1245 2028 ’

79 2138 86 2147 -
109 2099 215 2162 dubito
223 2101 295 2179 quin
304 2101 419 2174 viderit,
434 2102 692 2181 indicavitprimus
704 2103 835 2175 Rothius,
851 2104 997 2167 rationem
1011 2106 1074 2167 istis
1086 2107 1180 2167 versi-

109 2204 169 2264 bus
180 2221 286 2264 eorum
294 2203 395 2265 haberi
406 2204 513 2284 quibus
521 2205 642 2266 minime
650 2205 846 2280 hioestloous
859 2226 927 2269 cum
934 2228 1031 2289 neque
1038 2201 1182 2291 διάἔρω-

108 2327 152 2368 τα
162 2324 262 2386 neque
268 2299 323 2368 διὰ
338 2299 498 2385 deoperitur
504 2303 694 2385 πλεονεξίαν
704 2316 768 2370 orta
780 2311 867 2371 luerit
877 2314 1003 2372 fratrum
1017 2312 1180 2374 inimicitia.

109 2419 202 2490 atque
217 2410 274 2471 hoo
289 2409 408 2490 quidem
426 2411 532 2490 opinor
547 2413 673 2492 quisque
688 2414 841 2487 concedet,
856 2414 882 2474 si
898 2414 1018 2494 quidem
1033 2415 1131 2477 bacin
1148 2435 1181 2476 re

108 2515 225 2576 frustra
240 2514 384 2575 laborabit
399 2513 575 2576 Klotzius
610 2515 678 2575 illud
695 2523 796 2577 autem
817 2516 867 2594 qui
881 2516 1012 2577 refutare
1028 2516 1084 2577 sibi
1099 2516 1180 2576 vide-

109 2626 163 2679 tur
178 2617 358 2697 opponendo
374 2635 433 2696 quo
448 2616 598 2678 Menelaus
614 2626 734 2679 tenetur
750 2619 878 2679 Helenae
899 2637 1016 2691 amore,
1036 2620 1062 2680 is
1084 2638 1179 2694 unum

109 2722 178 2782 sine
194 2723 287 2782 altero
304 2728 382 2781 stare
403 2738 464 2781 non
487 2740 575 2800 posse
594 2739 700 2799 parum
720 2722 878 2800 reputavit.
912 2728 1015 2783 tamen
1035 2722 1093 2785 boc
1113 2741 1180 2803 gra-

109 2825 266 2886 vissimum
283 2833 337 2886 est.
372 2832 405 2884 ut
420 2825 500 2884 euim
515 2823 664 2887 Menelaus
681 2833 710 2886 et
724 2825 908 2904 Agamemno
922 2829 1015 2888 fatres
1031 2834 1064 2887 ut
1079 2827 1180 2890 inimi-

110 2928 211 2989 citiam
233 2928 520 3014 suscipereutnamor
543 2928 835 3002 elleoerit,'minime
856 2937 957 2990 tamen
979 2929 1098 2991 avaritia
1119 2930 1180 2991 sive

110 3030 286 3092 dominandi
302 3031 447 3110 cupiditas
462 3031 523 3091 sive
539 3033 620 3111 quod
634 3032 682 3092 illa
699 3033 810 3093 Graeca
827 3051 896 3093 voce
911 3032 1066 3111 significari
1083 3033 1178 3094 malis

110 3152 188 3214 quae
203 3134 291 3211 igitur
307 3153 438 3195 amorem
455 3142 484 3195 et
500 3129 671 3196 dominandi
688 3137 881 3215 cupiditatem
904 3135 1059 3213 coniungit
1078 3135 1179 3195 inimi-

110 3237 197 3298 citiae
214 3255 327 3311 causas,
343 3238 407 3299 eius
424 3238 588 3298 sententiae
603 3238 652 3297 bio
668 3256 728 3298 nou
744 3244 841 3317 potest
862 3237 943 3297 locus
960 3255 1034 3298 esse.
1066 3244 1177 3315 posset,

110 3341 137 3402 si
148 3341 250 3421 plures
262 3360 351 3420 quam
364 3343 440 3402 duae
451 3342 516 3402 illae
527 3341 654 3402 fatribus
667 3341 739 3401 oriri
749 3358 812 3401 non
823 3347 947 3419 possent
957 3337 1179 3400 inimicitiarum

109 3463 227 3506 causae.
262 3462 343 3505 nunc
358 3462 440 3515 vero,
456 3445 597 3525 quoniam
610 3444 788 3506 multifariae
804 3451 832 3503 et
846 3449 918 3503 sunt
933 3449 964 3502 et
975 3441 1095 3520 cogitari
1107 3459 1178 3520 pos-

110 3557 191 3620 sunt,
207 3557 260 3610 aut
275 3551 409 3610 omniurn
423 3551 530 3611 barum
543 3567 695 3611 causarum
708 3556 759 3610 aut
771 3549 859 3610 unius
872 3547 981 3609 amoris
993 3546 1106 3608 mentio
1122 3564 1178 3607 ne-

110 3653 241 3715 cessario
252 3654 423 3733 requiritur,
439 3655 561 3714 tertium
576 3670 640 3714 non
655 3654 750 3714 datur.
773 3653 816 3713 Ne
832 3653 897 3733 quis
913 3671 961 3712 me
974 3651 1179 3730 dicatspiuose

165 3794 328 3801 -..-..-——

183 3862 216 3930 ⁰⁴)
234 3865 311 3928 Trag.
326 3881 363 3929 gr.
376 3878 414 3927 pr.
430 3880 484 3929 pag.
500 3864 557 3916 288.

183 3952 214 4016 οὗ)
233 3952 251 4002 l.
264 3951 281 4001 l.
297 3949 325 4001 ll.
340 3966 393 4014 pag.
411 3951 450 4001 12.
