2588 4522
499 266 711 325 ..17-

63 432 163 493 locum
177 450 265 493 sumo
282 433 512 494 examinandum
529 454 588 514 quo
612 435 695 496 nisus
711 435 859 516 Gruppius
883 437 1086 498 Chaeremo
1098 438 1134 498 ni

62 542 173 614 poetae
187 534 301 614 tragico
316 536 395 597 hunc
408 535 539 598 fabulam
555 538 711 616 adsignare
725 549 848 601 conatus
863 550 908 600 est
920 540 967 618 ⁰¹).
994 542 1135 602 nimirum

63 637 238 699 Athenaeus
266 637 319 699 lib.
339 637 415 699 Xffl.
438 658 503 718 pag.
527 639 598 701 562.
621 642 693 702 haec
714 643 796 735 riicit:
832 637 1047 730 Θεόφραστος
1075 638 1137 705 osv

61 739 111 823 τῷ
130 728 295 826 Ἐρωτικῷ
315 739 513 825 Χαιρήμονά
535 762 619 828 φησι
639 737 698 807 τόν
720 745 869 826 τραγικόν
890 744 992 829 λέγειν
1014 740 1060 820 τός
1081 739 1138 809 τόν

62 831 153 907 οἶνον
174 842 240 906 τοῖν
260 841 434 927 χρωμένων
454 855 527 919 τοῖς
548 839 685 928 τρόποις
705 847 922 930 κεράννυσθαι
950 845 1054 923 ούτως
1079 849 1136 910 καὶ

62 941 122 1009 τδν
132 940 275 1030 Ἔρωτα.
309 938 345 1021 ὃς
358 941 541 1032 μετριάζων
561 946 621 1029 μέν
635 945 722 1013 ἔστιν
736 940 874 1035 εύχαρις,
898 946 1137 1032 ἐπιτεινόμενος

61 1047 99 1113 δὲ
119 1047 180 1113 καί
200 1044 430 1134 διαταράττων
451 1046 695 1130 χαλεπώτατος.
731 1051 847 1138 διόπερ
871 1053 889 1119 ὁ
912 1049 1059 1141 ποιητὴς
1081 1041 1136 1117 ού-

61 1174 120 1228 τος
143 1146 182 1216 ού
203 1156 311 1227 κακῶς
333 1147 436 1218 αύτού
456 1149 513 1230 τὰς
536 1149 691 1238 δυνάμεις
713 1154 833 1242 διαιριό
838 1181 856 1220 ν
882 1162 966 1244 φησὶ
990 1156 1138 1240 δίδυμα

63 1249 127 1341 γάρ
146 1249 248 1336 τόξα
271 1245 398 1322 αύτδν
419 1253 681 1323 ἐντείνεσθαι
701 1259 892 1345 χαρίτων,
922 1258 967 1327 τὸ
988 1261 1058 1344 μὲν
1079 1259 1137 1326 ἐπ’

64 1348 237 1423 εύαίωνι
257 1355 370 1446 τύχᾳ,
393 1356 438 1426 τδ
460 1357 570 1427 δ’ἐπί
596 1359 787 1447 συγχύσει
813 1369 962 1448 βιοτᾶς.
1007 1360 1025 1431 ό
1048 1356 1139 1430 δἀὐ-

63 1457 121 1536 τδς
143 1449 240 1538 οὗτος
260 1459 403 1550 ποιητὴς
423 1463 480 1529 καὶ
500 1466 579 1552 περὶ
599 1468 664 1530 τῶν
693 1463 841 1553 ἐρώντων
867 1467 901 1534 ἐν
929 1473 977 1555 τῷ
1003 1467 1139 1555 ἐπιγρα-

65 1564 203 1653 φομένῳ
231 1567 425 1655 Τραυματίᾳ
447 1568 550 1656 φησίν
572 1562 688 1646 ούτως·

210 1669 263 1748 τίς
284 1665 357 1752 ούχὶ
379 1667 480 1760 φήσει
500 1669 576 1749 τούς
596 1671 740 1760 ἐρῶντας
760 1673 817 1762 ζῆν
838 1672 972 1757 μόνους,·

212 1769 243 1841 εί
263 1773 315 1840 δεῖ
333 1796 370 1859 με
390 1777 524 1862 πρῶτον
544 1777 602 1859 μὲν
624 1773 962 1863 στρατευτικωτάτους

211 1868 305 1960 εἶναι,
328 1881 441 1944 πονεῖν
460 1902 498 1945 τε
520 1880 715 1963 δυναμένους
737 1883 806 1957 τοῖς
829 1875 978 1963 σώμασιν

209 1977 367 2064 μάλιστα,
390 1978 599 2069 προεδρεύειν
619 1974 805 2069 τ’άρίστους
825 1985 874 2068 τῷ
895 1977 1009 2068 πόθῳ,

211 2086 412 2172 ποιητικούς,
435 2082 580 2170 ἰταμούς,
603 2081 808 2172 προθύμους,
831 2081 1002 2170 εὐπόρους,

211 2186 246 2255 ἒν
266 2191 336 2266 τοῖς
356 2185 497 2275 ἀπόροις
518 2190 711 2274 βλέποντας,
735 2184 974 2264 ἀθλιωτάτους.

21 2276 24 2281 ¹
64 2315 147 2377 vides
162 2314 254 2393 igitur
269 2315 456 2376 Athenaeum
472 2334 505 2377 ea
521 2334 598 2395 quae
610 2323 683 2376 sunt
693 2314 756 2394 lph.
770 2314 833 2375 Aul.
848 2332 922 2373 vers.
936 2310 1107 2373 ors-551
1117 2356 1135 2381 .‚

336 2429 443 2517 δίδυμ’
455 2431 562 2520 Ἔρως
584 2434 602 2500 ὁ
624 2428 828 2519 χρυσοκόμας

341 2530 413 2616 τόξ’
432 2534 602 2603 ἐντείνεται
623 2534 773 2621 χαρίτων,

335 2637 375 2705 τὸ
395 2639 456 2722 μὲν
476 2634 529 2705 ἐπ’
551 2630 686 2704 εύαίωνι
708 2632 836 2721 πότμῳ,

334 2738 373 2808 τδ
396 2740 487 2809 δ’ἒπὶ
508 2736 658 2826 συγχύσει
679 2742 803 2824 βιοτᾶς,

66 2870 131 2914 non
145 2850 282 2932 Euripidi
297 2851 350 2911 sed
362 2848 556 2911 Chaeremoni
567 2847 716 2919 tribuisse,
732 2865 790 2926 qua
802 2845 833 2905 in
845 2860 984 2921 reusque
997 2842 1070 2901 adeo
1084 2840 1137 2900 ad-

67 2970 176 3017 sensus
192 2963 238 3015 est
252 2952 402 3033 Gruppius
416 2960 451 3014 ut
465 2961 560 3014 totam
574 2950 705 3012 fabulam
720 2946 932 3011 Chaeremonis
953 2964 1017 3006 esse
1029 2962 1138 3004 consu-

66 3060 132 3122 erit.
160 3057 269 3120 iniuria
280 3058 338 3117 hoc
348 3056 454 3118 fecisse
469 3055 634 3135 Gruppium
646 3072 708 3115 non
721 3060 767 3116 est
776 3052 855 3133 quod
871 3066 1018 3119 moneam,
1034 3047 1059 3111 si
1072 3046 1139 3125 qui-

67 3164 138 3227 dem
151 3162 213 3225 hoc
226 3179 289 3224 uno
312 3160 484 3223 testimonio
506 3158 779 3241 deipnosophistae‚
801 3155 853 3235 qui
875 3171 965 3233 qnam
985 3150 1087 3211 ieviter
1107 3150 1137 3208 in

66 3266 264 3349 excerpendis
280 3265 459 3346 scriptorum
474 3263 546 3324 locis
561 3269 695 3323 versatus
717 3261 755 3320 sit
770 3259 842 3319 satis
858 3252 1035 3328 constat02),
1056 3259 1138 3312 ceto-

64 3392 173 3436 rorum
187 3369 429 3433 testimoniorum
450 3374 754 3446 argumentorumque
768 3380 829 3422 non
847 3358 1060 3422 comminuitur
1082 3372 1138 3415 au-

67 3477 203 3539 ctoritas.
238 3482 268 3536 et
280 3492 396 3536 errasse
407 3472 593 3533 Athenaeum
604 3470 650 3531 vel
661 3467 761 3548 potius
773 3465 876 3528 leviter
889 3460 1070 3541 excerpsisse
1082 3459 1139 3518 hoc

65 3599 190 3663 quoquc
201 3578 268 3641 ioco
279 3584 516 3639 consentaneum
528 3573 655 3645 videtur,
667 3573 692 3634 si
703 3571 825 3652 quidem
837 3587 934 3648 nequo
946 3566 1026 3646 quod
1043 3565 1137 3624 inter-

138 3863 171 3928 Μ)
190 3861 209 3913 1.
223 3860 241 3911 l.
254 3874 279 3924 p.
293 3859 343 3911 561
358 3873 411 3923 sqq.

136 3948 169 4017 ⁶²)
188 3948 222 4000 ci.
234 3946 380 3999 Bartsch.
394 3944 412 3994 1.
426 3943 442 3993 Ι.
456 3958 512 4007 pag.
527 3940 567 3991 27.
