2588 4522
539 236 750 345 -ar-

107 471 144 513 ex
165 450 358 513 amicissimis
386 452 511 514 electum
541 453 633 514 fuisse
659 454 827 534 neglegunt.
862 455 970 535 quibus
996 457 1053 517 hoc
1081 457 1179 530 addas

108 555 192 635 quod
207 562 237 615 et
251 554 344 615 nimia
360 564 441 617 esset
456 556 531 618 servi
543 557 671 630 libertas,
688 558 712 618 si
725 558 832 638 quibus
846 577 921 638 opus
933 565 977 619 est
989 559 1104 637 singula
1116 559 1181 620 cui-

107 677 171 738 que
186 666 331 738 tanquam
347 659 535 721 distribueret
550 662 679 740 negotia,
696 668 725 721 et
740 662 832 741 ipsius
849 680 969 742 quoque
991 670 1096 742 poetae
1112 683 1178 726 mo-

107 762 187 823 lesta
202 769 284 822 esset
298 761 355 822 hoc
370 763 490 842 quidem
505 762 571 824 loco
594 763 750 824 subtilitas.
785 763 897 825 Mutato
918 764 1009 844 igitur
1029 785 1103 846 opus
1125 776 1179 828 est.

108 872 141 925 et
171 864 358 943 Hartungi
377 859 433 926 καὶ
462 858 501 927 σι)
529 860 584 926 καὶ
608 863 779 939 Μενέλεως
808 859 891 945 ἄναξ
917 867 948 929 in
970 887 1070 930 meum
1091 887 1178 931 usum

109 974 292 1030 convertens
307 968 477 1047 Euripidem
494 969 607 1030 conicio
623 970 665 1031 sic
680 970 843 1051 scripsisse,

214 1071 379 1154 στεφανοῦ
399 1065 438 1133 τὸ
452 1072 564 1154 κρᾶτα,
587 1066 643 1134 καὶ
664 1066 703 1134 σύ
725 1069 781 1134 καὶ
794 1069 968 1147 Μενέλεως
990 1065 1079 1151 ἅναξ,

212 1164 368 1253 ὑμέναιον
389 1167 558 1257 εὐτρέπιζε
579 1172 645 1236 κτλ.

198 1277 292 1339 Aliter
308 1280 424 1341 censuit
438 1279 668 1343 Hermannus
685 1300 710 1343 a.
730 1277 869 1356 1847.⁹³)
895 1299 963 1343 cum
984 1281 1026 1343 sic
1040 1283 1121 1342 huno
1136 1283 1181 1343 lo-

109 1400 182 1443 cum
196 1381 369 1443 constituit:

210 1476 380 1567 Ἀρτέμιδι
400 1482 629 1569 προτελίζουσι
650 1480 709 1572 τὴν
730 1476 872 1566 νεάνιδα,
919 1542 921 1547 .

215 1577 366 1661 Αὐλίδος
388 1579 524 1672 ἀνάσσῃ.
559 1584 610 1662 τίς
631 1609 679 1651 νιν
701 1581 816 1666 ἄξεταί
835 1607 933 1667 nore,-

217 1690 446 1774 στεφανοῦσθε
469 1683 607 1776 φύλλοις
626 1689 741 1775 κρᾶτα,
764 1689 821 1755 καὶ
840 1686 925 1755 κατὰ
948 1687 1063 1773 στέγας

217 1787 321 1867 λωτὸς
342 1786 480 1875 βοάσθω
503 1791 559 1855 καὶ
579 1791 693 1856 ντοδιῦν
714 1787 799 1857 ἔστιν
820 1788 953 1870 νείατος·

218 1896 290 1980 φῶς
312 1889 375 1979 γὰρ
396 1889 463 1959 τόδ’
486 1890 558 1983 ἥκει
578 1890 737 1981 μακάριον
759 1900 800 1985 τῇ
821 1895 992 1983 παρθένῳ.

115 2001 260 2061 nimirum
274 2001 333 2061 hoc
353 2001 432 2061 ferre
446 2001 542 2063 noluit
562 2002 604 2062 vir
626 2003 773 2081 egregius,
796 2003 877 2082 quod
900 2019 1019 2073 servus,
1042 1999 1184 2081 quoniam

115 2105 238 2184 quidam
258 2105 295 2165 ad
317 2103 489 2165 nubendum
511 2105 682 2167 arcessitam
713 2125 779 2167 esse
800 2105 984 2185 Iphigeniam
1005 2103 1185 2176 enumerent,

115 2208 202 2289 quasi
214 2208 246 2269 in
257 2225 291 2268 re
303 2215 382 2268 certa
395 2207 550 2270 sollemnia
560 2209 702 2288 nuptialia
715 2208 873 2271 instituere
885 2214 1142 2289 Agamemnonem
1154 2214 1185 2268 ct

113 2310 284 2372 Menelaum
299 2311 425 2373 iuberet.
458 2319 488 2371 at
504 2329 606 2373 servus
622 2313 670 2374 ille
686 2313 802 2392 opinor,
818 2331 887 2374 cum
902 2332 979 2392 quac
993 2312 1084 2372 liliam
1100 2330 1185 2372 suam

116 2423 255 2477 maneret
274 2417 405 2477 secunda
431 2416 551 2477 fortuna
576 2417 689 2478 celandi
715 2416 949 2496 Clytaemnestra
975 2433 1034 2475 non
1060 2414 1185 2476 haberet

116 2538 251 2592 causam,
267 2520 388 2600 nuptias
410 2521 540 2598 cognitas
561 2521 670 2582 habere
698 2522 804 2581 merito
825 2520 976 2601 putandus
998 2526 1059 2579 est:
1094 2535 1186 2597 quare

115 2623 165 2682 rix
181 2622 284 2683 dubito
300 2622 373 2701 quin
389 2622 496 2684 iniuria
512 2623 703 2683 Hermannus
719 2623 800 2683 hunc
814 2623 912 2683 locum
930 2621 1095 2685 mutaverit.
1180 2672 1184 2677 .

204 2725 336 2786 Omnino
358 2725 432 2786 nihil
452 2727 558 2805 opinor
578 2724 758 2805 relinquitur
779 2727 923 2804 suspecti,
946 2734 975 2786 et
995 2725 1185 2788 librariorum

119 2829 199 2889 vitiis
215 2829 495 2908 interpolatorisquc
512 2828 582 2889 satis
598 2838 733 2908 proterve
748 2829 874 2907 grassati
885 2829 1102 2891 addidamentis
1115 2846 1188 2910 pur·

116 2939 217 3011 galam
234 2950 355 2992 scenam
369 2931 452 2992 facile
467 2932 626 3012 praecipuo
642 2932 712 2993 huic
727 2933 841 2994 fabulae
857 2941 1033 2995 ornamento
1050 2952 1113 2995 esse
1130 2951 1187 3011 pu-

117 3034 249 3095 tabimus
265 3052 333 3094 cum
348 3035 555 3114 Hartungo,
572 3037 688 3098 etiamsi
708 3055 828 3098 versum
851 3037 922 3099 416.
944 3037 1061 3098 eicienti
1083 3037 1109 3096 ei
1126 3054 1186 3097 non

116 3136 323 3209 oboediemus,
338 3140 392 3200 sed
407 3139 493 3200 verba
509 3133 543 3200 ἐν
565 3133 687 3220 δόμοις,
712 3141 866 3220 inquibus
883 3158 978 3219 nuper
999 3159 1119 3219 quoque
1140 3139 1186 3198 of-

117 3241 239 3301 fensum
252 3248 307 3312 est,
323 3259 384 3301 non
397 3244 490 3320 magis
503 3261 718 3322 supervacanea
732 3261 797 3303 esse
810 3242 999 3303 monebimus
1011 3260 1101 3321 quam
1114 3259 1190 3320 quae

116 3342 193 3404 lled.
214 3341 305 3404 1098.
321 3344 461 3424 leguntur
477 3339 510 3406 ἐν
533 3334 642 3417 οἴκοις.

545 3506 619 3597 Ὗ,
647 3516 735 3597 doe.

207 3675 283 3736 lllX.
301 3713 342 3722 —
358 3677 445 3738 Hunc
460 3695 578 3737 versum
594 3677 830 3758 quotiescunque
850 3674 1035 3737 consideravi
1055 3674 1190 3736 nondum

120 3779 195 3841 mihi
210 3781 344 3859 persuasi
358 3779 394 3842 ab
410 3780 549 3860 Euripide
561 3780 705 3858 scriptum
718 3798 793 3840 esse.
827 3779 957 3857 primum
971 3778 1060 3851 enim,
1075 3776 1189 3839 etiamsi

118 3902 335 3911 m—

187 3968 220 4033 ο)
240 3966 594 4034 saintet-pullulant.
612 3968 726 4032 eas-1²·
943 3994 977 4089 s*
1076 4008 1109 4025 ”
