2588 4522
539 292 753 355 ..89-

106 458 259 519 irascatur
274 461 366 538 patris
382 479 516 522 amorem
531 469 632 541 aperte
648 464 828 525 ostendenti.
862 467 939 527 haud
956 467 1032 526 male
1047 467 1095 527 ille
1110 467 1180 546 qui-

108 561 194 623 dem.
229 563 283 623 sed
297 570 400 625 tamen
416 565 518 626 nescio
538 583 577 626 an
592 567 740 643 genuinus
761 568 800 629 sit
820 568 876 628 iste
895 586 1011 640 versus,
1039 569 1180 650 quoniam

109 665 163 727 hic
174 664 357 744 tragicorum
372 675 516 741 eratmos‚
531 676 566 728 ut
580 677 650 748 apto
666 670 763 749 aliquo
779 671 869 730 modo
884 670 1051 732 indicarent
1065 672 1117 752 qui
1131 689 1180 732 re-

110 787 187 831 cens
202 768 235 828 in
250 788 371 832 scenam
387 772 527 850 prodiret.
561 774 673 835 accedit
688 782 789 834 autem
806 774 884 852 quod
901 791 963 834 non
978 775 1088 836 amoris
1102 775 1179 835 illius

110 878 217 950 aperto
232 873 369 934 ostentati
384 874 442 934 filia
453 875 569 937 veniam
582 876 677 955 poscit
688 876 740 937 sed
754 895 810 955 qua
823 895 892 936 eum
905 876 1035 937 ostendit
1046 876 1180 937 rationis.

111 966 185 1036 narn
200 982 323 1054 apparet
338 994 371 1036 ea
387 995 462 1055 quae
483 985 554 1038 sunt
564 969 730 1063 ’ὀργισθῇς
751 974 787 1039 δὲ
808 970 854 1062 μή
881 978 917 1038 ad
939 978 1009 1039 illud
1032 971 1180 1061 ὑποδρα-

110 1069 223 1156 μοῦσά
239 1092 275 1138 σε
289 1077 444 1139 referenda
457 1099 531 1140 esse.
554 1080 671 1141 veniam
687 1080 779 1159 igitur
790 1080 941 1160 Iphigenia
953 1081 1027 1159 petit
1042 1090 1181 1160 propter·
1239 1074 1242 1078 ⁸

112 1200 147 1241 ea
169 1180 251 1260 qnod
270 1188 388 1258 patrem
410 1183 599 1262 complexura
616 1182 761 1243 succurrit
776 1183 873 1243 matri.
906 1183 1088 1263 Agamemno
1101 1185 1182 1247 enim

110 1284 173 1345 iam
188 1302 282 1364 prope
297 1284 455 1346 accessisse
471 1293 500 1347 et
522 1286 553 1345 in
569 1304 605 1346 eo
626 1304 690 1346 esse
709 1286 825 1347 videtur
844 1287 1030 1347 utvdextram
1052 1287 1182 1367 porrigat

112 1385 377 1466 Clytaemestrae,
392 1405 461 1447 cum
474 1405 549 1466 quae
560 1388 641 1449 iuxta
654 1396 780 1449 matrem
795 1407 889 1469 prope
905 1388 1017 1450 adstitit
1031 1390 1180 1470 Iphigenia

110 1490 235 1551 brachio
252 1489 356 1550 matris
371 1498 508 1568 porrecto
523 1509 683 1552 succurens
699 1490 797 1552 subito
812 1499 946 1552 versatur
960 1491 1039 1552 inter
1049 1500 1179 1553 matrem

111 1600 142 1654 et
157 1599 275 1672 patrem
292 1599 326 1652 ut
340 1593 422 1654 hunc
437 1594 632 1672 amplectatur
646 1593 726 1654 illam
741 1593 946 1672 praeveniens.

200 1693 258 1766 Qui
269 1701 411 1756 secuntur
421 1713 524 1756 versus
538 1694 598 1756 633
611 1714 656 1774 sq.
672 1695 786 1757 Porso
795 1715 864 1757 nus
876 1703 1079 1758 etceterorum
1084 1714 1179 1776 paene

111 1814 219 1858 omnes
235 1805 487 1875 transposuerunt
502 1805 571 1857 ante
586 1816 638 1858 eos
654 1799 690 1858 do
705 1799 812 1877 quibus
827 1799 917 1861 modo
933 1807 1032 1859 actum
1044 1805 1088 1858 est
1099 1798 1180 1877 lphi-

111 1900 218 1978 geniae
234 1917 348 1971 versus,
365 1899 436 1971 tria,
458 1900 483 1960 si
505 1900 576 1978 quid
596 1901 696 1973 video,
719 1909 752 1963 ut
772 1903 1015 1981 adsequerentur.
1048 1901 1180 1981 primum

111 2003 206 2074 enim,
222 2020 290 2063 cum
302 2010 392 2073 recte,
405 2010 438 2063 ut
450 2002 523 2063 mihi
536 2003 657 2082 quidem
669 2004 793 2085 videtur,
810 2004 940 2065 eicerent
952 2021 1055 2064 versus
1065 2002 1180 2063 635.-

111 2104 199 2179 637„
215 2105 314 2185 quiin
328 2104 411 2165 libris
428 2123 479 2166 eos
495 2106 653 2185 excipiunt,
671 2124 775 2167 uersus
796 2105 857 2167 638
880 2125 934 2186 sq„
955 2123 1017 2166 non
1036 2106 1180 2166 haberent

112 2229 174 2289 quo
189 2211 387 2284 referrentur,
410 2207 466 2268 nisi
486 2209 617 2286 promoti
639 2215 738 2269 essent
759 2227 835 2269 vers.
851 2208 910 2269 631
934 2228 978 2288 sq.
1014 2209 1121 2270 deinde
1143 2208 1180 2268 ad

111 2311 177 2391 ipsa
198 2310 247 2371 illa
269 2310 346 2371 filiae
366 2311 454 2371 verba
476 2317 603 2372 matrem
624 2310 804 2389 respondere
825 2329 900 2390 opus
921 2311 1083 2372 videbatur.
1116 2318 1180 2371 tum

111 2421 215 2475 autem
237 2412 344 2491 opinor
358 2412 431 2474 lerri
446 2432 508 2475 non
530 2432 618 2494 posse
641 2411 851 2473 existimabant
875 2413 954 2490 quod
974 2413 1033 2474 filia
1053 2412 1176 2490 Agame-

114 2532 262 2577 mnonem
275 2515 417 2577 salutabat
427 2517 509 2596 prior
521 2535 610 2596 quam
622 2517 685 2595 ipsa
699 2516 837 2576 coniunx.
860 2515 1064 2592 haecigiturin
1073 2514 1180 2594 quibus

112 2618 306 2679 offendebant
322 2619 375 2678 viri
397 2619 475 2680 docti
497 2620 552 2681 tria
573 2620 629 2680 hac
649 2637 708 2679 una
729 2617 857 2678 admissa
878 2617 1045 2678 mutatione
1065 2617 1179 2678 sublata

112 2729 196 2785 suut.
231 2721 284 2782 sed
299 2721 444 2783 extribus
459 2723 516 2784 illis
532 2722 606 2783 mihi
622 2720 742 2800 quidem
757 2719 829 2779 illud
844 2727 961 2781 tantum
983 2720 1063 2799 quod
1084 2719 1180 2799 primo

112 2827 181 2888 loco
202 2825 286 2887 attuli
306 2825 417 2904 aliquid
438 2827 585 2888 momenti
605 2824 715 2887 hahere
736 2823 860 2887 videtur.
902 2843 970 2885 nam
992 2824 1072 2904 quod
1091 2823 1181 2884 Bre-

114 2928 211 2990 mius
226 2927 364 3007 inprimis
379 2929 545 3008 postulavit,
562 2936 596 2989 nt
606 2928 822 3007 respondeatur
836 2927 912 2990 filine
928 2936 1060 3000 amatre,
1077 2927 1107 2987 id
1120 2944 1186 3020 non⁸

114 3032 206 3095 modo
222 3031 422 3093 necessarium
444 3033 497 3093 sed
518 3051 555 3092 ne
576 3049 679 3092 verum
701 3030 821 3110 quidem
846 3049 911 3092 esse
930 3039 1018 3111 puto,
1040 3030 1181 3110 quoniam

113 3137 174 3197 hoc
194 3134 269 3194 mihi
290 3153 466 3213 persuasum
493 3134 602 3206 habeo,
629 3133 708 3193 inter
732 3134 974 3212 amplectendum
1001 3132 1182 3196 illedixisse

114 3237 310 3318 Iphigeniam.
344 3254 444 3316 neque
460 3238 566 3298 maiori
582 3255 650 3297 cum
666 3237 731 3297 iure
746 3236 777 3296 in
800 3255 836 3296 eo
857 3236 1004 3296 offensum
1028 3235 1084 3296 erit
1104 3235 1183 3313 quod

114 3342 174 3402 lilia
200 3348 328 3402 matrem
347 3341 501 3420 praevenit
522 3340 554 3399 in
576 3339 740 3400 salutando.
782 3338 853 3418 quid
876 3339 957 3399 enim
978 3338 1131 3417 pulchrius
1154 3344 1184 3398 et

114 3454 240 3507 naturae
257 3444 350 3524 magis
366 3444 548 3505 conueniens
565 3443 686 3522 virginis
703 3442 824 3521 quidem
841 3449 886 3503 est
901 3443 948 3502 vix
964 3441 1079 3502 adultae
1092 3460 1181 3520 quam

115 3549 202 3631 patri,
220 3549 271 3609 ubi
285 3548 416 3628 primum
433 3547 464 3607 in
479 3555 673 3626 conspectum
685 3546 767 3608 venit
782 3563 923 3622 magnum
947 3544 1090 3623 temporis
1114 3565 1181 3626 spa-

114 3653 193 3715 tium
209 3653 300 3713 domo
320 3651 440 3724 absens,
462 3651 565 3713 matris
584 3669 690 3730 parum
711 3656 899 3711 reverentem
921 3648 1038 3708 obviam
1062 3667 1183 3709 currere

115 3764 150 3817 ut
163 3755 247 3836 prior
262 3773 332 3815 eum
347 3750 481 3814 salutet?
503 3753 545 3814 sic
568 3772 627 3814 una
642 3752 818 3832 relinquitur
839 3770 925 3813 causa
942 3752 1052 3832 prima,
1074 3752 1185 3814 scilicet

116 3858 198 3939 quod
219 3865 321 3919 extant
340 3876 443 3918 versus
466 3855 526 3917 638
548 3874 600 3935 sq„
622 3863 651 3916 et
672 3872 851 3935 magnopere
880 3873 985 3917 vereor
1010 3874 1048 3916 ne
1074 3875 1110 3917 ex
1130 3855 1184 3916 hac
1288 3896 1292 3903 -

122 3979 210 4025 censa
221 3967 306 4021 ortae
320 3961 381 4024 sint
396 3964 471 4027 duae
495 3959 619 4040 priores.
654 3976 743 4019 nemo
764 3958 845 4020 enim
866 3959 973 4040 opinor
992 3967 1061 4039 post
1080 3976 1184 4020 versus
