2588 4522
535 312 768 374 -129-

110 486 202 545 docet
219 486 341 545 obscura
356 483 410 544 ista
431 484 577 544 sermonis
598 484 671 544 ratio
684 480 732 558 ¹⁶⁰)
755 503 829 563 quae
848 484 974 545 efficitur
995 485 1111 545 duobus
1132 485 1184 545 da·
1258 464 1262 473 ¹

109 588 182 648 tivis
197 582 273 666 ἐμοί
285 593 315 647 et
328 578 427 647 πόσει
443 607 511 648 cum
525 605 586 647 uno
610 589 773 667 eodemque
796 588 884 648 verbo
905 589 944 647 ita
966 589 1134 648 coniunctis
1151 596 1185 649 ut

110 690 169 751 alio
192 691 283 750 modo
306 697 432 770 uterque
455 691 631 752 referendus
654 693 691 752 sit
715 699 803 770 atque
825 692 915 752 artius
937 691 1055 771 quidem
1077 693 1182 753 adiun-

110 794 229 873 gendus
245 790 360 854 dativus
373 785 478 870 πόσει,
494 794 614 854 liberius
626 795 739 855 dativus
752 788 833 873 ἐμοί.
868 795 947 854 idem
960 794 1066 856 deinde
1079 796 1185 874 opinor

110 898 143 957 iu
160 915 226 957 eam
243 896 390 957 rationem
407 897 483 958 cadit
498 916 555 976 qua
570 898 725 958 articulum
754 890 773 981 ή
800 906 975 977 usurpatum
1003 899 1096 970 vides,
1121 919 1182 960 non

110 1000 265 1060 terendam
281 996 361 1059 illam
377 998 497 1078 quidem
515 1007 575 1061 tam
591 1000 621 1059 iu
636 1000 765 1061 diverbia
778 1001 895 1079 poetico
908 1020 996 1080 quam
1010 1001 1040 1061 in
1053 1003 1184 1063 oratione

110 1101 255 1182 pedestri,
289 1102 482 1181 interpolator
497 1121 566 1163 vero
590 1122 664 1181 quae
690 1104 813 1165 articulo
834 1104 946 1164 inesset
967 1106 1009 1165 vis
1030 1123 1092 1165 non
1113 1124 1184 1167 sen-

108 1205 187 1266 tiens
203 1214 238 1266 ut
252 1224 373 1267 versum
389 1206 520 1284 expleret
536 1226 604 1268 eum
621 1208 742 1289 addidit.

194 1310 284 1370 Vides
298 1309 388 1388 igitur
403 1328 451 1370 me
472 1327 533 1371 non
554 1311 771 1372 adsentientem
799 1312 825 1372 H
832 1320 1009 1392 artungo‚
1038 1313 1087 1393 qui
1115 1332 1183 1373 cum

109 1404 250 1498 θήραμα
277 1402 408 1485 παιδός,
437 1406 467 1474 εἰ
499 1407 771 1498 Κλυταιμνήστρα
800 1403 832 1495 μ’
862 1411 936 1494 ἐμοί
968 1416 1087 1495 scripsit
1114 1424 1182 1495 post

109 1535 211 1576 vocem
228 1507 325 1576 πόσει
347 1517 433 1595 plene
459 1517 689 1595 interpungens‚
717 1526 922 1597 praeterquam
945 1520 1024 1598 quod
1045 1518 1183 1578 vitiosum

109 1618 272 1680 eliminavit
283 1619 440 1681 articulum
452 1620 667 1680 sententiarum
680 1621 885 1681 cohaerentiae
898 1622 1009 1700 optime
1022 1622 1181 1695 consuluit,

109 1723 161 1783 sed
179 1742 282 1803 neque
309 1733 406 1785 cetera
434 1743 508 1802 quae
534 1724 664 1783 sermoni
691 1724 794 1784 insunt
820 1725 1041 1803 interpolatoris,
1067 1725 1183 1803 vestigia

109 1826 244 1887 contudit
260 1845 358 1906 neque
373 1829 537 1888 sententias
558 1827 593 1888 ad
616 1846 650 1888 ea
673 1846 748 1906 quae
768 1829 951 1888 aritecedunt
971 1829 1014 1887 vel
1037 1836 1180 1890 secuntur

109 1931 184 1990 male
212 1932 416 1991 accomodatas
440 1931 642 1992 addidamenti
669 1931 775 1990 indicia
802 1950 868 1992 esse
895 1950 999 1992 secum
1026 1932 1181 2011 reputavit.

109 2052 200 2113 quare
223 2033 427 2094 Hermanni
448 2053 567 2113 quoque
588 2034 825 2113 praetermittere
851 2035 949 2095 licebit
972 2035 1179 2112 mutationem,

107 2129 247 2221 θήραμα
268 2129 407 2210 nortae*
436 2129 464 2198 εἰ
479 2131 753 2221 Κλυταιμνήστρα
776 2130 807 2198 ‹l'
831 2132 904 2216 ἐμοὶ
930 2131 1062 2217 μάλιστ’
1091 2130 1180 2200 ἐπεί-

109 2241 177 2323 σθη
189 2276 252 2317 -,
276 2231 384 2302 ἔδωκά
398 2232 458 2301 τόν
473 2237 550 2318 κτλ.,
575 2260 650 2320 quae
665 2259 767 2301 ansam
784 2241 905 2302 dederat
921 2242 1084 2321 llartungo.
1120 2261 1184 2303 ma-

108 2361 242 2423 gnopere
257 2352 357 2405 autem
372 2345 472 2405 mirari
493 2364 542 2404 me
565 2343 646 2404 subit
662 2345 742 2424 quod
765 2345 815 2423 qui
836 2344 999 2405 mutatione
1024 2364 1098 2424 opus
1120 2364 1183 2406 esse

109 2454 269 2526 putarunt,
297 2447 558 2508 Firnhaherus
586 2449 776 2509 Nauckius
808 2447 979 2509 lllotzius
1010 2448 1182 2520 Weilius‚

108 2551 187 2610 hanc
202 2551 403 2612 coniecturam
422 2551 457 2611 ab
475 2550 537 2631 ipso
554 2552 728 2612 Hermanno
745 2561 846 2629 postea
862 2551 1005 2612 abiectam
1021 2559 1183 2630 anteposu-

110 2662 198 2714 erunt
215 2654 443 2733 Hartungianae.
479 2654 544 2734 quis
566 2654 644 2715 euim
660 2645 769 2733 quaeso
783 2655 962 2715 Graecorum
978 2655 1057 2714 hunc
1072 2654 1181 2727 locum,

108 2757 166 2818 isto
185 2758 275 2818 modo
292 2757 316 2818 si
331 2758 456 2837 scriptus
472 2759 585 2829 luisset,
603 2776 663 2818 non
680 2757 719 2817 ita
736 2757 898 2835 accepisset
911 2759 993 2837 quasi
1005 2759 1063 2819 hoc
1075 2759 1184 2820 diceret

109 2856 261 2921 Achilles?
289 2865 334 2920 elo
349 2871 442 2922 cutem
465 2879 496 2922 eo
513 2865 694 2941 pott'sslmum
714 2861 788 2942 quod
808 2863 879 2922 mill·
897 2861 1040 2943 lplu'pem‘o
1061 2863 1182 2924 locanda

109 2975 179 3024 esset
195 2962 423 3042 Clytaemnestra
438 2965 559 3026 adducto
575 2976 643 3026 esset
664 2975 695 3024 ut
709 2965 800 3045 filium
822 2966 949 3027 truderet
966 2966 1180 3046 Apumemuool,

111 3067 249 3128 dedissem
268 3084 487 3128 ησιιιαιινιιιινι.
522 3069 601 3147 quod
628 3070 715 3147 plane
741 3070 772 3129 iu
798 3070 982 3131 contrarium
1009 3077 1181 3129 convertere

110 3179 154 3232 est
170 3189 306 3231 sensum.

110 3363 181 3370 ---
192 3363 282 3370 ---.-.-..
291 3363 325 3369 ...-

182 3482 225 3546 ¹⁶⁰)
246 3484 325 3548 Quam
335 3486 467 3550 ambiguus
474 3487 514 3536 hic
524 3487 596 3537 locus
607 3487 642 3537 sit
652 3487 752 3537 Hartu
760 3503 837 3549 ugus
847 3494 1008 3538 testanturct
1018 3484 1180 3549 lilotzius,

109 3573 153 3638 qui
166 3572 255 3623 eadem
268 3573 369 3623 ratione
382 3580 515 3638 utrumque
527 3573 640 3624 dativum
654 3575 762 3637 iungunt
779 3554 835 3623 cum
848 3574 926 3623 verbo
944 3573 1083 3636 ἐκδοῦναι,
1106 3576 1182 3626 etita

108 3659 210 3725 quidem
224 3665 253 3708 ut
263 3660 408 3724 pronomini
419 3659 485 3727 ἐμοί
495 3660 663 3726 appositionis
677 3661 749 3710 modo
763 3660 876 3709 additum
889 3666 978 3725 putent
991 3674 1078 3709 vocem
1090 3655 1182 3711 πόσει.

109 3743 249 3797 manifesto
269 3746 369 3811 decepti
390 3754 449 3796 sunt
466 3746 653 3797 versificatoris
670 3747 808 3811 imperitia.
835 3762 891 3795 nam
907 3747 937 3795 dc
955 3745 1102 3797 collocanda
1120 3745 1181 3807 filia,

109 3832 135 3882 id
150 3831 217 3897 quod
232 3831 298 3881 viris
311 3831 365 3880 illis
379 3833 461 3882 doctis
474 3833 554 3882 visum
568 3839 619 3895 est,
632 3832 702 3882 nullo
715 3833 788 3880 niodo
801 3832 959 3895 cogitandum
978 3848 1033 3883 csse
1051 3832 1125 3882 docet
1138 3848 1183 3882 vo·

109 3918 168 3968 cula
181 3913 313 3986 polliaco,
326 3933 398 3982 quae,
411 3918 527 3983 quoniam
545 3904 593 3968 nou
612 3933 626 3968 e
644 3919 759 3983 pluribus
777 3918 862 3984 procis
882 3935 945 3968 unus
963 3920 1182 3986 Clytaemnestram

109 4004 248 4068 eligendus
260 4011 326 4069 erat,
338 4004 423 4070 inepte
436 4005 598 4055 redundaret.

953 4077 968 4125 9
