2588 4522
536 272 748 332 ..74-

110 440 209 502 hibita.
244 459 340 519 neque
353 448 452 502 tamen
466 442 522 502 hac
533 441 653 519 quidem
667 441 841 501 translatam
853 460 919 501 eam
932 439 1104 519 ambiguam
1115 458 1178 501 ease

110 545 180 605 satis
197 544 384 623 perspexisse
401 545 542 606 videatur.
577 564 670 624 quare
687 563 747 606 non
769 544 838 605 licet
858 543 947 605 verba
967 561 1122 624 premere,
1142 561 1177 604 ne

111 648 240 708 alienam
257 648 462 709 nanciscamur
478 667 616 715 sensam,
639 656 672 709 ut
692 647 766 707 haec
786 665 920 726 quoque,
941 650 1002 707 ostis
1022 645 1178 707 homa'atilut

110 751 182 812 rtila'l
197 771 285 830 creptae
301 752 373 812 osolt
384 771 473 831 nepae
489 751 557 811 dorii
568 755 649 823 inest,
667 751 824 830 dupliciter
835 757 964 829 possunt
977 748 1080 829 accipi.

440 924 585 1003 VERS.
615 923 846 1003 aaa-542.

196 1085 309 1144 xxvt.
323 1118 363 1128 —
375 1084 525 1144 immerito
539 1084 571 1143 G.
585 1084 702 1144 llindo
712 1084 824 1145 rlium
837 1085 892 1145 hos
905 1103 1009 1146 versus
1022 1083 1176 1145 damnasse

111 1188 158 1248 vix
173 1201 218 1247 ost
233 1188 312 1266 qaod
328 1205 572 1257 commemorem,
588 1187 725 1266 qnoniam
744 1206 819 1248 nova
841 1206 936 1268 usque
958 1186 1177 1267 interpolatoris

110 1290 231 1367 vestigia
247 1289 406 1368 indagandi
421 1291 520 1350 studio
536 1290 625 1350 nimis
641 1291 729 1368 longe
746 1291 901 1369 abreptum
919 1308 988 1351 cum
1005 1290 1072 1351 aliis
1087 1290 1177 1351 inter·

111 1394 181 1453 altam
198 1393 271 1453 loeis'
286 1402 348 1454 tum
364 1393 412 1452 hio
435 1391 562 1471 graviter
581 1412 649 1453 oum
671 1411 737 1471 erga
750 1401 906 1472 poetaram
922 1411 1028 1454 manes
1044 1411 1178 1473 peccasse

111 1496 188 1557 inter
203 1516 308 1557 enarres
325 1504 439 1557 constat
457 1495 537 1555 viros
553 1497 665 1556 (laetos
700 1505 801 1557 tamen
825 1496 981 1556 refutando
1003 1497 1055 1557 illo
1075 1508 1179 1576 super·-

110 1600 214 1659 sodero
233 1618 293 1660 non
314 1608 426 1678 potero.
461 1597 645 1677 deprimam
664 1600 783 1678 quidem
800 1598 880 1677 qaod
895 1598 984 1659 verba
998 1584 1086 1683 κᾷτα
1101 1589 1178 1683 ψεύ-

110 1698 206 1780 ‹iopor
235 1703 425 1763 incommodo
446 1702 510 1760 loco
531 1700 643 1761 inserta
667 1720 733 1762 esso
755 1702 811 1772 ait,
831 1702 991 1762 immemor
1010 1701 1069 1763 fuit
1088 1703 1177 1763 moris

110 1805 226 1882 tragicis
243 1805 313 1865 satis
332 1804 429 1865 usitati
439 1799 490 1879 ⁰⁸),
507 1804 560 1864 sed
576 1804 727 1864 mirandus
744 1805 860 1865 videtur
874 1804 952 1884 qaod
969 1806 1027 1865 hoc
1038 1823 1104 1866 non
1117 1825 1178 1867 mo·

111 1909 184 1977 nait,
201 1917 302 1986 aperte
318 1908 432 1969 eisdem
447 1908 544 1969 verbis
566 1906 645 1967 illam
667 1907 766 1968 violari
789 1908 884 1984 legem
905 1926 994 1986 qaam
1015 1909 1053 1969 de
1074 1910 1178 1989 quinta

112 2010 238 2071 trimetri
253 2012 328 2089 podo
344 2011 520 2072 monstrarit
537 2011 698 2084 Personas,
713 2029 789 2089 qaae
804 2011 850 2070 lea
872 2027 946 2070 num
968 2029 1036 2072 aere
1060 2031 1179 2094 semper

110 2113 264 2173 olasmrata
279 2114 368 2173 luerit
384 2114 518 2173 ‹lubitaro
534 2113 644 2173 seimus
662 2114 864 2174 llormannam
877 2113 1037 2194 ipsumque
1050 2115 1178 2178 Dindor-

112 2216 240 2286 liunrll).
275 2224 377 2294 aparte
394 2217 501 2276 doirrde
515 2216 682 2276 inconsulte
693 2216 816 2277 miratus
830 2223 876 2277 est
888 2216 968 2295 quod
980 2218 1080 2296 Argivi
1091 2237 1178 2299 prae-

112 2327 157 2379 ter
172 2318 354 2399 iphigeniam
376 2319 465 2378 etiam
483 2323 737 2396 Agamemnonem
760 2327 789 2379 et
804 2318 971 2381 Menelaum
992 2321 1180 2385 interfecturi

111 2441 177 2483 esse
194 2422 333 2482 dicantur
347 2421 522 2482 sacrificium
538 2421 616 2481 illias
634 2439 739 2499 negare
751 2428 881 2482 conatos.
912 2423 1025 2485 scilicet
1037 2424 1105 2499 hoc,
1120 2427 1179 2487 vir·

111 2526 208 2603 ginem
224 2533 397 2586 recusantes
414 2525 562 2605 armisque
578 2533 611 2586 at
627 2526 710 2585 decet
726 2524 920 2585 defendentes
935 2544 987 2585 eos
1002 2526 1085 2606 dnm,
1102 2529 1179 2589 omi·

110 2629 148 2689 sit
164 2630 207 2689 air
223 2630 326 2690 electas
342 2628 448 2687 eodem
465 2628 554 2688 modo
571 2648 630 2708 qaae
646 2628 704 2688 hoc
719 2634 843 2688 conatus
861 2635 905 2701 est
920 2645 982 2689 non
997 2628 1180 2710 intellegere,

111 2748 171 2791 non
187 2750 274 2810 prosse
290 2732 320 2791 in
337 2731 438 2791 castris
454 2731 636 2810 Iphigeniam
654 2731 797 2812 postulari
812 2736 970 2811 postquam
987 2736 1082 2813 Argos
1098 2743 1182 2814 pater

111 2852 178 2893 earn
196 2851 229 2893 ca
245 2830 422 2910 sagerit¹⁰⁰t

180 3022 211 3084 ⁹⁸)
232 3020 378 3086 Comparari
391 3023 488 3089 quidem
505 3031 597 3088 potest,
610 3031 638 3073 ut
650 3024 763 3088 videtur,
776 3026 841 3089 qaod
854 3025 880 3076 in
895 3027 923 3077 0.
937 3027 965 3078 R.
978 3035 1019 3078 est
1032 3045 1056 3079 v.
1071 3029 1123 3080 ott
1136 3046 1182 3097 sq„

691 3107 935 3177 ἀραῖος,εἴσέτι

344 3190 457 3269 dt‘dpua',
470 3191 628 3265 ὀλοίμην,
641 3182 680 3249 ὧν
691 3196 803 3265 ἐπαιτιᾷ
813 3215 849 3266 με
861 3196 936 3269 δρᾶν,

110 3281 194 3345 aptius
207 3282 276 3347 Sept.
292 3284 338 3336 181
352 3300 398 3349 sq,

232 3353 236 3359 ⁴
344 3369 438 3438 μέλει
451 3365 514 3437 γὰρ
526 3364 589 3421 clad
597 3373 640 3438 pt,
652 3366 690 3439 μὴ
702 3368 768 3439 γυνὴ
781 3371 936 3437 βουλευέτω,

345 3452 506 3514 addonem

180 3539 211 3601 ⁹⁰)
232 3542 283 3590 vid.
303 3557 366 3609 qaae
385 3542 529 3605 nuperrime
550 3542 670 3606 exposuit
690 3542 716 3591 in
736 3541 855 3604 Prolegg.
880 3541 910 3592 ad
929 3540 1000 3592 Poet.
1019 3558 1087 3593 scen.
1105 3544 1145 3595 ed.
1161 3544 1183 3595 V

111 3625 220 3688 paradi.
287 3644 290 3652 ¹

182 3712 222 3773 ¹⁰⁰)
243 3713 309 3763 llaec
330 3714 384 3777 ipsa
404 3714 529 3765 Dindorlli
546 3713 730 3776 argumentatio
750 3727 810 3776 prae
828 3714 922 3764 ceteris
939 3721 1026 3778 aperte
1047 3729 1179 3779 perversa,

111 3795 203 3860 quippe
216 3812 287 3861 quam
301 3799 376 3848 rebus
391 3799 463 3849 nimis
477 3800 572 3849 leviter
584 3799 718 3863 perpensis
730 3797 822 3848 iactam
836 3814 892 3849 osso
911 3800 1037 3865 indicavi,
1055 3802 1178 3866 quomodo

113 3879 206 3931 laetum
219 3881 255 3930 sit
265 3889 295 3932 ut
308 3890 396 3946 postea
409 3885 487 3935 etiam
500 3885 668 3935 Hermanni
685 3886 799 3949 plausum
815 3884 906 3935 tulerit
922 3885 968 3948 (De
986 3885 1096 3949 interpp.
1113 3885 1173 3935 Eur.

116 3964 171 4033 lph.
186 3967 211 4017 in
223 3967 281 4017 Aul.
294 3967 311 4017 l.
325 3983 379 4032 pag.
392 3970 442 4033 12.)
455 3968 539 4022 fateor
551 3987 589 4023 me
602 3989 650 4022 non
663 3987 737 4036 posse
746 3970 905 4034 intellegere.
