2588 4522
542 286 754 346 ..77-

111 453 188 515 dnm
202 472 270 515 esse
284 449 351 517 τινί
363 454 446 517 hunc
459 455 489 516 in
500 456 633 530 modum,
649 448 766 540 ἅρπην
778 449 932 542 θηρεύειν
945 454 1028 540 μέγα
1038 455 1072 521 τί
1085 454 1182 538 ἔστιν,

109 552 242 637 γυναιξὶ
267 553 328 636 μὲν
355 550 441 619 κατὰ
465 551 601 642 Κύπριν
627 553 790 643 κρυπτάν,
825 555 859 623 ἐν
885 554 1023 645 ἀνδράσι
1058 559 1095 625 δέ
1120 584 1184 625 τινι

110 650 202 722 ὅπου
224 653 243 722 ὁ
264 650 387 738 κόσμος
414 651 433 722 ὁ
461 653 697 747 μυριοπληθής
724 660 792 727 κτλ.
836 657 854 727 ὁ
880 656 1006 745 κόσμος
1035 657 1182 729 autem'd

110 756 350 847 μυριοπληθής
371 764 525 844 disciplina
540 774 587 827 est
602 767 713 827 multos
729 768 886 829 continens
902 788 959 850 qua
975 788 1051 849 quae
1067 768 1183 830 iuribus

111 882 147 925 ac
165 864 281 945 legibus
302 867 482 947 praescripta
503 877 575 928 sunt
602 876 736 930 accurate
751 852 968 934 observantur.
1000 876 1076 934 tuter
1095 877 1182 945 viros,

111 968 256 1049 inquiunt
271 969 370 1049 igitur,
385 975 521 1034 uirtutem
535 975 616 1052 sequi
626 973 759 1035 decorum
780 985 821 1036 est
839 976 891 1037 ubi
910 975 1058 1055 disciplina
1078 977 1182 1036 multos

111 1075 259 1135 mmmm
274 1078 411 1136 maiorem
424 1074 518 1136 reddit
531 1077 752 1156 rempublicam:
775 1078 884 1157 quibus
899 1078 996 1140 verbis
1012 1078 1086 1139 nihil
1101 1078 1181 1139 aliud

110 1174 265 1238 indicatur
279 1196 369 1258 quam
385 1177 418 1238 in
432 1176 548 1255 legibus
564 1179 754 1242 observandis
775 1181 839 1241 viro
855 1180 995 1242 virtutem
1010 1182 1181 1260 ponendam

111 1296 179 1340 esse
202 1268 299 1354 (ἔνθα
327 1271 345 1342 ὃ
374 1271 527 1361 κόσμος),
551 1301 639 1363 quam
661 1283 800 1346 virtutem
823 1303 930 1345 omues
955 1284 1034 1346 viros
1057 1288 1182 1366 (μυριο-

110 1372 260 1466 abacia)
272 1381 357 1461 sequi
368 1402 490 1445 necesse
506 1385 553 1458 sit,
570 1393 604 1446 ut
614 1404 720 1466 magua
732 1387 770 1448 sit
778 1386 911 1466 potentia
922 1395 1012 1467 atque
1023 1387 1181 1448 auctoritas

110 1483 305 1564 reipublicae.
338 1486 432 1547 artius
448 1486 538 1565 igitur
552 1495 719 1550 contractas
735 1491 903 1569 complures
919 1490 1082 1552 sententias
1099 1490 1180 1550 vide-

111 1605 180 1648 mus
197 1594 228 1648 et
242 1595 385 1668 tanquam
400 1609 459 1650 una
470 1591 655 1657 cucullatis.

197 1688 329 1751 xxvttt.
345 1691 427 1753 Vers.
445 1690 634 1754 ora-589.
655 1727 699 1738 -
720 1693 837 1756 Melicas
858 1702 957 1774 partes
979 1695 1090 1756 maiore
1111 1714 1179 1755 cum

110 1792 223 1872 ingenii
238 1792 340 1855 labore
351 1794 555 1875 temporisque
569 1795 680 1857 iactura
693 1815 781 1876 quam
794 1806 909 1859 ceteros
920 1797 1087 1859 fabularum
1099 1798 1179 1859 locos

111 1896 147 1958 ab
162 1897 255 1958 medii
271 1897 334 1958 aevi
349 1897 520 1960 bominibus
535 1906 728 1978 pertractatas
751 1919 818 1961 esse
845 1908 875 1961 et
900 1920 950 1962 res
976 1901 1038 1980 ipsa
1065 1901 1179 1973 suadet,

111 2000 256 2081 quoniam
268 1999 331 2062 istis
343 2001 464 2081 quidem
476 2002 546 2064 haec
558 2002 689 2064 carmina
704 2003 830 2064 mmores
845 2022 935 2083 quam
951 2003 1080 2065 diverbia
1095 2022 1180 2083 prae·

111 2101 225 2166 bebant
251 2104 456 2179 difficultates,
484 2113 514 2166 et
542 2105 706 2167 fabularum
736 2125 811 2186 quae
838 2108 874 2168 ad
900 2126 956 2169 nos
980 2115 1181 2187 pervenerunt

111 2207 250 2269 omnium
264 2207 351 2269 docet
362 2227 438 2288 quae
453 2226 534 2270 nunc
548 2209 725 2289 plerumque
733 2219 778 2271 est
789 2210 959 2273 melicarum
971 2210 1100 2290 partium
1107 2229 1180 2272 con-

111 2309 199 2373 dicio.
234 2319 381 2374 occurant
395 2311 475 2373 enim
501 2312 533 2373 in
558 2312 604 2373 his
631 2312 811 2375 carminibus
837 2334 932 2395 paene
958 2313 1098 2375 omnibus
1124 2313 1181 2375 loci

111 2414 234 2495 quidam
250 2432 320 2494 prae
336 2414 442 2476 ceteris
457 2416 533 2476 male
549 2415 642 2476 habiti
662 2435 790 2498 quorum
812 2417 865 2478 uni
885 2417 981 2478 adhuc
1001 2417 1118 2478 lacerati
1137 2416 1180 2477 la-

112 2518 295 2599 canonque,
317 2517 401 2580 alteri
417 2519 642 2580 emendatorum
664 2519 972 2600 interpolatorumque
999 2538 1085 2580 curas
1110 2527 1181 2580 sunt

111 2620 237 2702 experti.
271 2641 347 2704 quos
363 2640 465 2685 versus
481 2630 605 2702 apparet
624 2621 656 2683 in
671 2623 830 2702 archetypo
852 2622 951 2702 aliquo
971 2621 1073 2683 codice
1093 2629 1144 2684 aut
1164 2640 1181 2682 a

110 2743 233 2787 summo
248 2724 294 2786 vel
308 2724 368 2787 imo
383 2725 519 2805 margine
533 2725 684 2804 proximos
700 2733 751 2786 aut
765 2725 935 2787 mediorum
945 2725 1082 2786 loliorum
1095 2725 1126 2785 iu
1139 2726 1180 2787 eis

111 2827 185 2890 locis
199 2828 325 2909 scriptos
339 2829 435 2891 fuisse
450 2847 525 2908 quos
542 2847 646 2890 manus
668 2828 831 2906 legentium
852 2829 1019 2890 atterebant
1039 2829 1179 2891 tenendo.

111 2931 153 2993 Ac
167 2939 291 2993 nostrae
306 2931 427 3013 quidem
443 2931 560 2995 fabulae
573 2933 630 2994 tria
650 2932 788 3013 inprimis
803 2933 887 2995 chori
902 2932 1031 2995 carmina
1046 2934 1180 3013 exempla

110 3033 258 3115 praebent
268 3035 509 3098 luculentissima.
543 3036 587 3098 sic
597 3036 688 3100 altera
699 3056 767 3118 pars
778 3037 891 3117 paredi,
906 3055 964 3118 qua
976 3036 1095 3098 navium
1107 3055 1180 3097 con-

111 3137 228 3200 tinetur
243 3138 402 3220 catalogue,
424 3158 493 3200 cum
515 3140 699 3201 enumeratio
720 3139 778 3202 ista
797 3140 891 3220 magis
913 3141 1068 3201 delectaret
1090 3158 1179 3219 quam

111 3260 187 3322 quae
202 3241 301 3323 priore
316 3242 419 3322 paradi
434 3250 517 3322 parte
533 3242 678 3322 descripta
694 3249 779 3315 sunt,
800 3242 894 3322 magis
916 3243 1005 3304 etiam
1028 3242 1179 3320 legebatur

111 3363 201 3427 quam
216 3344 265 3408 illa
280 3353 311 3406 et
326 3345 579 3426 corrumpebatur,
594 3345 675 3406 unde
690 3346 781 3406 finem
796 3344 883 3407 habet
899 3345 1072 3407 foedissime
1087 3344 1179 3406 muti-

111 3448 215 3511 latum.
247 3448 292 3510 sic
305 3448 465 3511 laceratum
480 3449 542 3510 sive
557 3449 666 3511 sudore
681 3449 824 3510 detritum
839 3448 937 3510 locum
950 3449 1083 3528 produnt
1098 3448 1179 3510 tertii

115 3551 232 3615 stasimi
243 3570 346 3614 versus
361 3550 591 3614 tosa-1088.
618 3551 707 3632 primi
719 3559 819 3614 autem
832 3552 945 3613 stasimi
961 3551 1051 3613 huius
1074 3569 1179 3613 corru-

110 3654 224 3736 ptionis
239 3654 346 3716 indicia
361 3673 432 3735 prae
447 3674 480 3716 se
495 3655 553 3716 lert
567 3662 629 3716 tota
643 3673 711 3734 pars
726 3655 817 3716 altera
833 3657 920 3732 (vers.
937 3653 1045 3715 573.-
1055 3653 1149 3730 589.).

192 3757 360 3820 blutilatum
376 3759 456 3820 enim
470 3759 552 3819 hunc
566 3758 663 3819 locum
679 3777 745 3819 esse
759 3757 882 3837 singulis
893 3757 1014 3819 vocibus
1026 3758 1178 3819 versibus-

109 3879 169 3943 que
184 3868 214 3923 et
228 3879 288 3923 una
304 3880 424 3941 quoque
434 3860 637 3941 compluribus
648 3859 700 3941 qui
712 3860 912 3921 cohaerebant
924 3860 1058 3923 versibus
1071 3860 1178 3939 elapsis

108 3972 139 4027 et
157 3982 265 4027 sensus
285 3964 372 4026 docet
393 3964 555 4026 identidem
575 3964 638 4025 sive
661 3971 837 4044 praeruptus
857 3962 919 4025 sive
939 3962 1126 4043 interruptus
1146 3959 1178 4023 et'
