<?xml version="1.0" encoding="UTF-8"?>
<!DOCTYPE html PUBLIC "-//W3C//DTD XHTML 1.0 Transitional//EN"
    "http://www.w3.org/TR/xhtml1/DTD/xhtml1-transitional.dtd">
<html xmlns="http://www.w3.org/1999/xhtml" xml:lang="en" lang="en">
 <head>
  <title>
</title>
<meta http-equiv="Content-Type" content="text/html;charset=utf-8" />
  <meta name='ocr-system' content='tesseract 3.04.00' />
  <meta name='ocr-capabilities' content='ocr_page ocr_carea ocr_par ocr_line ocrx_word'/>
</head>
<body>
  <div class='ocr_page' id='page_1' title='image "./deiphigeniaeaul00henngoog_0060.png"; bbox 0 0 2588 4522; ppageno 0'>
   <div class='ocr_carea' id='block_1_1' title="bbox 542 301 756 360">
    <p class='ocr_par' dir='ltr' id='par_1_1' title="bbox 542 301 756 360">
     <span class='ocr_line' id='line_1_1' title="bbox 542 301 756 360; baseline 0 -14"><span class='ocrx_word' id='word_1_1' title='bbox 542 301 756 360; x_wconf 67' lang='lat'>..21-</span> 
     </span>
    </p>
   </div>
   <div class='ocr_carea' id='block_1_2' title="bbox 109 467 1184 3239">
    <p class='ocr_par' dir='ltr' id='par_1_2' title="bbox 109 467 1184 1584">
     <span class='ocr_line' id='line_1_2' title="bbox 111 467 1184 552; baseline 0.007 -22"><span class='ocrx_word' id='word_1_2' title='bbox 111 478 142 530; x_wconf 86' lang='lat' dir='ltr'>et</span> <span class='ocrx_word' id='word_1_3' title='bbox 161 467 370 549; x_wconf 79' lang='lat' dir='ltr'>imperfectam</span> <span class='ocrx_word' id='word_1_4' title='bbox 390 470 467 531; x_wconf 85' lang='lat' dir='ltr'>banc</span> <span class='ocrx_word' id='word_1_5' title='bbox 488 469 618 532; x_wconf 82' lang='lat' dir='ltr'>fabulam</span> <span class='ocrx_word' id='word_1_6' title='bbox 640 471 677 531; x_wconf 88' lang='lat' dir='ltr'>ab</span> <span class='ocrx_word' id='word_1_7' title='bbox 699 471 838 552; x_wconf 81' lang='lat' dir='ltr'><strong>Euripide</strong></span> <span class='ocrx_word' id='word_1_8' title='bbox 859 474 992 536; x_wconf 78' lang='lat' dir='ltr'>relictam</span> <span class='ocrx_word' id='word_1_9' title='bbox 1013 495 1079 536; x_wconf 90' lang='lat' dir='ltr'>esse</span> <span class='ocrx_word' id='word_1_10' title='bbox 1100 478 1184 537; x_wconf 77' lang='lat' dir='ltr'>rolu-</span> 
     </span>
     <span class='ocr_line' id='line_1_3' title="bbox 112 573 1184 658; baseline 0.005 -23"><span class='ocrx_word' id='word_1_11' title='bbox 112 581 203 637; x_wconf 84' lang='lat' dir='ltr'>erunt</span> <span class='ocrx_word' id='word_1_12' title='bbox 219 591 321 634; x_wconf 86' lang='lat' dir='ltr'>verum</span> <span class='ocrx_word' id='word_1_13' title='bbox 337 573 427 634; x_wconf 90' lang='lat' dir='ltr'>etiam</span> <span class='ocrx_word' id='word_1_14' title='bbox 442 574 652 653; x_wconf 81' lang='lat' dir='ltr'>complurium,</span> <span class='ocrx_word' id='word_1_15' title='bbox 665 593 726 637; x_wconf 93' lang='lat' dir='ltr'>non</span> <span class='ocrx_word' id='word_1_16' title='bbox 742 577 832 637; x_wconf 86' lang='lat' dir='ltr'>nnius</span> <span class='ocrx_word' id='word_1_17' title='bbox 847 576 993 650; x_wconf 83' lang='lat' dir='ltr'>bominis,</span> <span class='ocrx_word' id='word_1_18' title='bbox 1017 599 1107 658; x_wconf 87' lang='lat' dir='ltr'>opera</span> <span class='ocrx_word' id='word_1_19' title='bbox 1122 589 1184 641; x_wconf 90' lang='lat' dir='ltr'>sta-</span> 
     </span>
     <span class='ocr_line' id='line_1_4' title="bbox 113 678 1182 758; baseline 0.005 -19"><span class='ocrx_word' id='word_1_20' title='bbox 113 685 237 739; x_wconf 86' lang='lat' dir='ltr'>tuerunt</span> <span class='ocrx_word' id='word_1_21' title='bbox 253 695 319 738; x_wconf 89' lang='lat' dir='ltr'>eam</span> <span class='ocrx_word' id='word_1_22' title='bbox 334 684 451 738; x_wconf 82' lang='lat' dir='ltr'>nactam</span> <span class='ocrx_word' id='word_1_23' title='bbox 472 695 538 737; x_wconf 90' lang='lat' dir='ltr'>esse</span> <span class='ocrx_word' id='word_1_24' title='bbox 565 678 692 739; x_wconf 79' lang='lat' dir='ltr'>formam</span> <span class='ocrx_word' id='word_1_25' title='bbox 720 679 853 758; x_wconf 88' lang='lat' dir='ltr'>quaein</span> <span class='ocrx_word' id='word_1_26' title='bbox 881 681 992 743; x_wconf 89' lang='lat' dir='ltr'>nostris</span> <span class='ocrx_word' id='word_1_27' title='bbox 1019 692 1065 742; x_wconf 90' lang='lat' dir='ltr'>est</span> <span class='ocrx_word' id='word_1_28' title='bbox 1091 682 1182 744; x_wconf 89' lang='lat' dir='ltr'>libris.</span> 
     </span>
     <span class='ocr_line' id='line_1_5' title="bbox 110 780 1184 860; baseline 0.006 -18"><span class='ocrx_word' id='word_1_29' title='bbox 110 800 218 844; x_wconf 87' lang='lat' dir='ltr'>ansam</span> <span class='ocrx_word' id='word_1_30' title='bbox 232 782 306 842; x_wconf 83' lang='lat' dir='ltr'>haec</span> <span class='ocrx_word' id='word_1_31' title='bbox 320 780 470 841; x_wconf 87' lang='lat' dir='ltr'>statuendi</span> <span class='ocrx_word' id='word_1_32' title='bbox 493 782 566 860; x_wconf 87' lang='lat' dir='ltr'>quin</span> <span class='ocrx_word' id='word_1_33' title='bbox 588 781 819 843; x_wconf 84' lang='lat' dir='ltr'>llatthiaeus</span> <span class='ocrx_word' id='word_1_34' title='bbox 842 785 898 844; x_wconf 84' lang='lat' dir='ltr'>illis</span> <span class='ocrx_word' id='word_1_35' title='bbox 919 785 1034 846; x_wconf 80' lang='lat' dir='ltr'>dederit</span> <span class='ocrx_word' id='word_1_36' title='bbox 1057 796 1184 848; x_wconf 86' lang='lat' dir='ltr'>nonest</span> 
     </span>
     <span class='ocr_line' id='line_1_6' title="bbox 111 883 1183 968; baseline 0.005 -22"><span class='ocrx_word' id='word_1_37' title='bbox 111 885 249 957; x_wconf 87' lang='lat' dir='ltr'>dubium,</span> <span class='ocrx_word' id='word_1_38' title='bbox 264 885 317 945; x_wconf 88' lang='lat' dir='ltr'>sed</span> <span class='ocrx_word' id='word_1_39' title='bbox 332 901 439 962; x_wconf 88' lang='lat' dir='ltr'>parum</span> <span class='ocrx_word' id='word_1_40' title='bbox 453 883 510 944; x_wconf 91' lang='lat' dir='ltr'>sibi</span> <span class='ocrx_word' id='word_1_41' title='bbox 524 894 666 945; x_wconf 85' lang='lat' dir='ltr'>constans</span> <span class='ocrx_word' id='word_1_42' title='bbox 688 885 746 946; x_wconf 87' lang='lat' dir='ltr'>fuit</span> <span class='ocrx_word' id='word_1_43' title='bbox 766 886 814 946; x_wconf 88' lang='lat' dir='ltr'>ille</span> <span class='ocrx_word' id='word_1_44' title='bbox 836 905 872 946; x_wconf 88' lang='lat' dir='ltr'>eo</span> <span class='ocrx_word' id='word_1_45' title='bbox 900 888 980 968; x_wconf 89' lang='lat' dir='ltr'>qnod</span> <span class='ocrx_word' id='word_1_46' title='bbox 1003 889 1131 950; x_wconf 82' lang='lat' dir='ltr'>tabulam</span> <span class='ocrx_word' id='word_1_47' title='bbox 1154 901 1183 951; x_wconf 89' lang='lat' dir='ltr'>et</span> 
     </span>
     <span class='ocr_line' id='line_1_7' title="bbox 111 986 1182 1067; baseline 0.004 -17"><span class='ocrx_word' id='word_1_48' title='bbox 111 996 209 1050; x_wconf 89' lang='lat' dir='ltr'>actam</span> <span class='ocrx_word' id='word_1_49' title='bbox 225 986 368 1066; x_wconf 84' lang='lat' dir='ltr'>Euripide</span> <span class='ocrx_word' id='word_1_50' title='bbox 384 987 500 1047; x_wconf 88' lang='lat' dir='ltr'>minore</span> <span class='ocrx_word' id='word_1_51' title='bbox 514 996 640 1048; x_wconf 86' lang='lat' dir='ltr'>curante</span> <span class='ocrx_word' id='word_1_52' title='bbox 655 999 684 1048; x_wconf 85' lang='lat' dir='ltr'>et</span> <span class='ocrx_word' id='word_1_53' title='bbox 706 998 767 1049; x_wconf 92' lang='lat' dir='ltr'>tam</span> <span class='ocrx_word' id='word_1_54' title='bbox 786 1007 893 1067; x_wconf 87' lang='lat' dir='ltr'>parum</span> <span class='ocrx_word' id='word_1_55' title='bbox 913 988 1095 1052; x_wconf 73' lang='lat' dir='ltr'>elaboratam</span> <span class='ocrx_word' id='word_1_56' title='bbox 1115 1012 1182 1055; x_wconf 86' lang='lat' dir='ltr'>esse</span> 
     </span>
     <span class='ocr_line' id='line_1_8' title="bbox 109 1089 1184 1172; baseline 0.005 -20"><span class='ocrx_word' id='word_1_57' title='bbox 109 1091 225 1172; x_wconf 84' lang='lat' dir='ltr'>putavit</span> <span class='ocrx_word' id='word_1_58' title='bbox 239 1098 274 1151; x_wconf 92' lang='lat' dir='ltr'>ut</span> <span class='ocrx_word' id='word_1_59' title='bbox 288 1090 417 1168; x_wconf 86' lang='lat' dir='ltr'>posteris</span> <span class='ocrx_word' id='word_1_60' title='bbox 434 1089 620 1170; x_wconf 79' lang='lat' dir='ltr'>temporibus</span> <span class='ocrx_word' id='word_1_61' title='bbox 635 1109 712 1170; x_wconf 88' lang='lat' dir='ltr'>quae</span> <span class='ocrx_word' id='word_1_62' title='bbox 727 1091 831 1152; x_wconf 85' lang='lat' dir='ltr'>deesse</span> <span class='ocrx_word' id='word_1_63' title='bbox 848 1094 906 1154; x_wconf 79' lang='lat' dir='ltr'>visa</span> <span class='ocrx_word' id='word_1_64' title='bbox 922 1103 1023 1155; x_wconf 87' lang='lat' dir='ltr'>essent</span> <span class='ocrx_word' id='word_1_65' title='bbox 1038 1095 1086 1156; x_wconf 88' lang='lat' dir='ltr'>alii</span> <span class='ocrx_word' id='word_1_66' title='bbox 1098 1097 1184 1157; x_wconf 90' lang='lat' dir='ltr'>aliter</span> 
     </span>
     <span class='ocr_line' id='line_1_9' title="bbox 111 1191 1183 1278; baseline 0.005 -22"><span class='ocrx_word' id='word_1_67' title='bbox 111 1191 370 1275; x_wconf 80' lang='lat' dir='ltr'>explevissent⁷⁸l.</span> <span class='ocrx_word' id='word_1_68' title='bbox 404 1211 442 1254; x_wconf 90' lang='lat' dir='ltr'>an</span> <span class='ocrx_word' id='word_1_69' title='bbox 464 1210 534 1254; x_wconf 80' lang='lat' dir='ltr'>rere</span> <span class='ocrx_word' id='word_1_70' title='bbox 556 1194 658 1255; x_wconf 81' lang='lat' dir='ltr'>eredas</span> <span class='ocrx_word' id='word_1_71' title='bbox 679 1195 879 1256; x_wconf 75' lang='lat' dir='ltr'>Athenienses</span> <span class='ocrx_word' id='word_1_72' title='bbox 901 1205 960 1257; x_wconf 91' lang='lat' dir='ltr'>tam</span> <span class='ocrx_word' id='word_1_73' title='bbox 987 1217 1092 1278; x_wconf 86' lang='lat' dir='ltr'>parum</span> <span class='ocrx_word' id='word_1_74' title='bbox 1113 1219 1183 1261; x_wconf 92' lang='lat' dir='ltr'>eru-</span> 
     </span>
     <span class='ocr_line' id='line_1_10' title="bbox 110 1296 1183 1383; baseline 0.005 -24"><span class='ocrx_word' id='word_1_75' title='bbox 110 1298 191 1360; x_wconf 89' lang='lat' dir='ltr'>ditos</span> <span class='ocrx_word' id='word_1_76' title='bbox 206 1297 301 1359; x_wconf 84' lang='lat' dir='ltr'>fuisse</span> <span class='ocrx_word' id='word_1_77' title='bbox 317 1306 349 1358; x_wconf 92' lang='lat' dir='ltr'>ut</span> <span class='ocrx_word' id='word_1_78' title='bbox 364 1315 437 1359; x_wconf 92' lang='lat' dir='ltr'>num</span> <span class='ocrx_word' id='word_1_79' title='bbox 453 1296 536 1357; x_wconf 89' lang='lat' dir='ltr'>omni</span> <span class='ocrx_word' id='word_1_80' title='bbox 561 1316 596 1357; x_wconf 83' lang='lat' dir='ltr'>ex</span> <span class='ocrx_word' id='word_1_81' title='bbox 624 1306 706 1376; x_wconf 87' lang='lat' dir='ltr'>parte</span> <span class='ocrx_word' id='word_1_82' title='bbox 732 1298 867 1359; x_wconf 86' lang='lat' dir='ltr'>absoluta</span> <span class='ocrx_word' id='word_1_83' title='bbox 894 1310 973 1361; x_wconf 87' lang='lat' dir='ltr'>esset</span> <span class='ocrx_word' id='word_1_84' title='bbox 1000 1302 1096 1383; x_wconf 86' lang='lat' dir='ltr'>aliqua</span> <span class='ocrx_word' id='word_1_85' title='bbox 1123 1312 1183 1364; x_wconf 92' lang='lat' dir='ltr'>tra-</span> 
     </span>
     <span class='ocr_line' id='line_1_11' title="bbox 109 1399 1184 1484; baseline 0.005 -21"><span class='ocrx_word' id='word_1_86' title='bbox 109 1401 216 1484; x_wconf 81' lang='lat' dir='ltr'>goedia</span> <span class='ocrx_word' id='word_1_87' title='bbox 231 1418 327 1462; x_wconf 85' lang='lat' dir='ltr'>necne</span> <span class='ocrx_word' id='word_1_88' title='bbox 347 1417 410 1461; x_wconf 91' lang='lat' dir='ltr'>non</span> <span class='ocrx_word' id='word_1_89' title='bbox 433 1399 583 1461; x_wconf 89' lang='lat' dir='ltr'>sentirent</span> <span class='ocrx_word' id='word_1_90' title='bbox 603 1410 726 1480; x_wconf 87' lang='lat' dir='ltr'>tamque</span> <span class='ocrx_word' id='word_1_91' title='bbox 746 1401 865 1481; x_wconf 88' lang='lat' dir='ltr'>ineptos</span> <span class='ocrx_word' id='word_1_92' title='bbox 885 1413 918 1463; x_wconf 90' lang='lat' dir='ltr'>nt</span> <span class='ocrx_word' id='word_1_93' title='bbox 940 1406 1072 1482; x_wconf 87' lang='lat' dir='ltr'>praemio</span> <span class='ocrx_word' id='word_1_94' title='bbox 1092 1424 1184 1468; x_wconf 90' lang='lat' dir='ltr'>orna-</span> 
     </span>
     <span class='ocr_line' id='line_1_12' title="bbox 112 1499 574 1584; baseline -0.011 -16"><span class='ocrx_word' id='word_1_95' title='bbox 112 1513 182 1568; x_wconf 88' lang='lat' dir='ltr'>rent</span> <span class='ocrx_word' id='word_1_96' title='bbox 195 1504 326 1567; x_wconf 82' lang='lat' dir='ltr'>fabulam</span> <span class='ocrx_word' id='word_1_97' title='bbox 342 1499 574 1584; x_wconf 71' lang='lat' dir='ltr'>imperfectam?</span> 
     </span>
    </p>

    <p class='ocr_par' dir='ltr' id='par_1_3' title="bbox 110 1606 1184 3239">
     <span class='ocr_line' id='line_1_13' title="bbox 198 1606 1184 1689; baseline 0.004 -19"><span class='ocrx_word' id='word_1_98' title='bbox 198 1610 279 1670; x_wconf 84' lang='lat' dir='ltr'>Bene</span> <span class='ocrx_word' id='word_1_99' title='bbox 295 1610 352 1670; x_wconf 86' lang='lat' dir='ltr'>hoc</span> <span class='ocrx_word' id='word_1_100' title='bbox 366 1626 457 1688; x_wconf 85' lang='lat' dir='ltr'>quam</span> <span class='ocrx_word' id='word_1_101' title='bbox 471 1625 578 1687; x_wconf 86' lang='lat' dir='ltr'>pamm</span> <span class='ocrx_word' id='word_1_102' title='bbox 595 1606 747 1685; x_wconf 83' lang='lat' dir='ltr'>probabile</span> <span class='ocrx_word' id='word_1_103' title='bbox 769 1616 848 1668; x_wconf 85' lang='lat' dir='ltr'>esset</span> <span class='ocrx_word' id='word_1_104' title='bbox 870 1611 1023 1689; x_wconf 82' lang='lat' dir='ltr'>perspexit</span> <span class='ocrx_word' id='word_1_105' title='bbox 1044 1611 1078 1671; x_wconf 83' lang='lat' dir='ltr'>G.</span> <span class='ocrx_word' id='word_1_106' title='bbox 1094 1612 1184 1674; x_wconf 84' lang='lat' dir='ltr'>Itin-</span> 
     </span>
     <span class='ocr_line' id='line_1_14' title="bbox 111 1709 1183 1794; baseline -0.001 -19"><span class='ocrx_word' id='word_1_107' title='bbox 111 1713 279 1783; x_wconf 85' lang='lat' dir='ltr'>dorfins,</span> <span class='ocrx_word' id='word_1_108' title='bbox 294 1713 346 1792; x_wconf 87' lang='lat' dir='ltr'>qui</span> <span class='ocrx_word' id='word_1_109' title='bbox 360 1730 428 1773; x_wconf 89' lang='lat' dir='ltr'>enm</span> <span class='ocrx_word' id='word_1_110' title='bbox 444 1709 705 1790; x_wconf 83' lang='lat' dir='ltr'>quaellattbiaens</span> <span class='ocrx_word' id='word_1_111' title='bbox 720 1719 864 1772; x_wconf 81' lang='lat' dir='ltr'>statuerat</span> <span class='ocrx_word' id='word_1_112' title='bbox 880 1711 996 1791; x_wconf 81' lang='lat' dir='ltr'>longius</span> <span class='ocrx_word' id='word_1_113' title='bbox 1007 1728 1183 1794; x_wconf 77' lang='lat' dir='ltr'>persecutus</span> 
     </span>
     <span class='ocr_line' id='line_1_15' title="bbox 110 1812 1183 1894; baseline -0.001 -14"><span class='ocrx_word' id='word_1_114' title='bbox 110 1826 174 1880; x_wconf 87' lang='lat' dir='ltr'>tam</span> <span class='ocrx_word' id='word_1_115' title='bbox 189 1816 228 1879; x_wconf 92' lang='lat' dir='ltr'>ab</span> <span class='ocrx_word' id='word_1_116' title='bbox 242 1815 459 1878; x_wconf 78' lang='lat' dir='ltr'>recentioribus</span> <span class='ocrx_word' id='word_1_117' title='bbox 474 1813 571 1894; x_wconf 90' lang='lat' dir='ltr'>poetis</span> <span class='ocrx_word' id='word_1_118' title='bbox 592 1831 680 1893; x_wconf 90' lang='lat' dir='ltr'>qnam</span> <span class='ocrx_word' id='word_1_119' title='bbox 695 1812 733 1872; x_wconf 87' lang='lat' dir='ltr'>ab</span> <span class='ocrx_word' id='word_1_120' title='bbox 747 1813 888 1893; x_wconf 84' lang='lat' dir='ltr'>Euripide</span> <span class='ocrx_word' id='word_1_121' title='bbox 903 1816 1020 1877; x_wconf 88' lang='lat' dir='ltr'>minore</span> <span class='ocrx_word' id='word_1_122' title='bbox 1040 1819 1118 1879; x_wconf 85' lang='lat' dir='ltr'>hano</span> <span class='ocrx_word' id='word_1_123' title='bbox 1137 1820 1183 1879; x_wconf 83' lang='lat' dir='ltr'>la·</span> 
     </span>
     <span class='ocr_line' id='line_1_16' title="bbox 110 1918 1182 2000; baseline 0.002 -17"><span class='ocrx_word' id='word_1_124' title='bbox 110 1922 216 1985; x_wconf 89' lang='lat' dir='ltr'>bolam</span> <span class='ocrx_word' id='word_1_125' title='bbox 231 1921 346 2000; x_wconf 82' lang='lat' dir='ltr'>putavit</span> <span class='ocrx_word' id='word_1_126' title='bbox 360 1918 568 1998; x_wconf 82' lang='lat' dir='ltr'>interpolatam</span> <span class='ocrx_word' id='word_1_127' title='bbox 590 1936 658 1978; x_wconf 87' lang='lat' dir='ltr'>esse</span> <span class='ocrx_word' id='word_1_128' title='bbox 679 1927 743 1978; x_wconf 88' lang='lat' dir='ltr'>tum</span> <span class='ocrx_word' id='word_1_129' title='bbox 764 1918 940 1980; x_wconf 76' lang='lat' dir='ltr'>ludovici</span> <span class='ocrx_word' id='word_1_130' title='bbox 962 1920 1062 1983; x_wconf 73' lang='lat' dir='ltr'>fratris</span> <span class='ocrx_word' id='word_1_131' title='bbox 1083 1924 1182 1985; x_wconf 75' lang='lat' dir='ltr'>conie-</span> 
     </span>
     <span class='ocr_line' id='line_1_17' title="bbox 111 2020 1181 2107; baseline 0 -18"><span class='ocrx_word' id='word_1_132' title='bbox 111 2025 245 2102; x_wconf 73' lang='lat' dir='ltr'>ctura²⁷l</span> <span class='ocrx_word' id='word_1_133' title='bbox 271 2024 392 2087; x_wconf 89' lang='lat' dir='ltr'>adiutus</span> <span class='ocrx_word' id='word_1_134' title='bbox 411 2023 487 2082; x_wconf 87' lang='lat' dir='ltr'>hanc</span> <span class='ocrx_word' id='word_1_135' title='bbox 503 2020 696 2084; x_wconf 74' lang='lat' dir='ltr'>Aulidensem</span> <span class='ocrx_word' id='word_1_136' title='bbox 711 2021 895 2101; x_wconf 84' lang='lat' dir='ltr'>lpbigeniam</span> <span class='ocrx_word' id='word_1_137' title='bbox 916 2025 1030 2102; x_wconf 76' lang='lat' dir='ltr'>negarit</span> <span class='ocrx_word' id='word_1_138' title='bbox 1047 2044 1181 2107; x_wconf 68' lang='lat' dir='ltr'>unrpnam</span> 
     </span>
     <span class='ocr_line' id='line_1_18' title="bbox 111 2125 1182 2211; baseline 0.003 -20"><span class='ocrx_word' id='word_1_139' title='bbox 111 2130 150 2191; x_wconf 88' lang='lat' dir='ltr'>ab</span> <span class='ocrx_word' id='word_1_140' title='bbox 165 2129 309 2211; x_wconf 85' lang='lat' dir='ltr'>Euripide</span> <span class='ocrx_word' id='word_1_141' title='bbox 324 2127 440 2188; x_wconf 89' lang='lat' dir='ltr'>minore</span> <span class='ocrx_word' id='word_1_142' title='bbox 458 2126 491 2186; x_wconf 90' lang='lat' dir='ltr'>in</span> <span class='ocrx_word' id='word_1_143' title='bbox 505 2143 626 2186; x_wconf 82' lang='lat' dir='ltr'>scenam</span> <span class='ocrx_word' id='word_1_144' title='bbox 648 2125 776 2187; x_wconf 84' lang='lat' dir='ltr'>delatam</span> <span class='ocrx_word' id='word_1_145' title='bbox 796 2144 879 2187; x_wconf 79' lang='lat' dir='ltr'>esse.</span> <span class='ocrx_word' id='word_1_146' title='bbox 900 2126 925 2187; x_wconf 86' lang='lat' dir='ltr'>si</span> <span class='ocrx_word' id='word_1_147' title='bbox 947 2128 1067 2207; x_wconf 83' lang='lat' dir='ltr'>quidem</span> <span class='ocrx_word' id='word_1_148' title='bbox 1088 2131 1119 2192; x_wconf 87' lang='lat' dir='ltr'>iu</span> <span class='ocrx_word' id='word_1_149' title='bbox 1139 2130 1182 2194; x_wconf 79' lang='lat' dir='ltr'>eis</span> 
     </span>
     <span class='ocr_line' id='line_1_19' title="bbox 112 2229 1181 2317; baseline 0.002 -23"><span class='ocrx_word' id='word_1_150' title='bbox 112 2252 190 2317; x_wconf 86' lang='lat' dir='ltr'>quae</span> <span class='ocrx_word' id='word_1_151' title='bbox 215 2230 372 2294; x_wconf 86' lang='lat' dir='ltr'>soboliasta</span> <span class='ocrx_word' id='word_1_152' title='bbox 394 2230 546 2290; x_wconf 77' lang='lat' dir='ltr'>adnotavit</span> <span class='ocrx_word' id='word_1_153' title='bbox 571 2229 608 2290; x_wconf 87' lang='lat' dir='ltr'>ad</span> <span class='ocrx_word' id='word_1_154' title='bbox 634 2231 707 2291; x_wconf 82' lang='lat' dir='ltr'>Ram</span> <span class='ocrx_word' id='word_1_155' title='bbox 733 2248 760 2290; x_wconf 85' lang='lat' dir='ltr'>r.</span> <span class='ocrx_word' id='word_1_156' title='bbox 776 2229 827 2290; x_wconf 82' lang='lat'>67.</span> <span class='ocrx_word' id='word_1_157' title='bbox 848 2230 1017 2292; x_wconf 78' lang='lat' dir='ltr'>Aulidemis</span> <span class='ocrx_word' id='word_1_158' title='bbox 1032 2233 1181 2314; x_wconf 67' lang='lat' dir='ltr'>iphigenia</span> 
     </span>
     <span class='ocr_line' id='line_1_20' title="bbox 116 2333 1181 2415; baseline -0.004 -14"><span class='ocrx_word' id='word_1_159' title='bbox 116 2338 269 2400; x_wconf 87' lang='lat' dir='ltr'>immerito</span> <span class='ocrx_word' id='word_1_160' title='bbox 284 2336 350 2397; x_wconf 86' lang='lat' dir='ltr'>loeo</span> <span class='ocrx_word' id='word_1_161' title='bbox 365 2354 420 2395; x_wconf 90' lang='lat' dir='ltr'>suo</span> <span class='ocrx_word' id='word_1_162' title='bbox 436 2334 579 2395; x_wconf 76' lang='lat' dir='ltr'>movisset</span> <span class='ocrx_word' id='word_1_163' title='bbox 593 2333 776 2413; x_wconf 79' lang='lat' dir='ltr'>lpbigeniam</span> <span class='ocrx_word' id='word_1_164' title='bbox 795 2333 952 2396; x_wconf 73' lang='lat' dir='ltr'>Taurinam</span> <span class='ocrx_word' id='word_1_165' title='bbox 960 2333 1011 2413; x_wconf 74' lang='lat'><strong>²¹³).</strong></span> <span class='ocrx_word' id='word_1_166' title='bbox 1045 2336 1181 2415; x_wconf 71' lang='lat' dir='ltr'>proteo,</span> 
     </span>
     <span class='ocr_line' id='line_1_21' title="bbox 114 2436 1182 2517; baseline -0.002 -14"><span class='ocrx_word' id='word_1_167' title='bbox 114 2460 180 2503; x_wconf 91' lang='lat' dir='ltr'>non</span> <span class='ocrx_word' id='word_1_168' title='bbox 195 2442 228 2502; x_wconf 91' lang='lat' dir='ltr'>in</span> <span class='ocrx_word' id='word_1_169' title='bbox 243 2439 317 2501; x_wconf 90' lang='lat' dir='ltr'>illud</span> <span class='ocrx_word' id='word_1_170' title='bbox 331 2437 436 2499; x_wconf 83' lang='lat' dir='ltr'>inuidit</span> <span class='ocrx_word' id='word_1_171' title='bbox 454 2437 568 2498; x_wconf 80' lang='lat' dir='ltr'>crimen</span> <span class='ocrx_word' id='word_1_172' title='bbox 582 2437 617 2496; x_wconf 86' lang='lat' dir='ltr'>G.</span> <span class='ocrx_word' id='word_1_173' title='bbox 639 2436 812 2498; x_wconf 72' lang='lat' dir='ltr'>llindorsms</span> <span class='ocrx_word' id='word_1_174' title='bbox 832 2439 913 2517; x_wconf 69' lang='lat' dir='ltr'>«pucati</span> <span class='ocrx_word' id='word_1_175' title='bbox 935 2441 1044 2502; x_wconf 85' lang='lat' dir='ltr'>meruit</span> <span class='ocrx_word' id='word_1_176' title='bbox 1063 2439 1182 2501; x_wconf 83' lang='lat' dir='ltr'>llattbi·</span> 
     </span>
     <span class='ocr_line' id='line_1_22' title="bbox 111 2541 1183 2618; baseline -0.003 -12"><span class='ocrx_word' id='word_1_177' title='bbox 111 2563 196 2618; x_wconf 75' lang='lat' dir='ltr'>aeun,</span> <span class='ocrx_word' id='word_1_178' title='bbox 210 2542 265 2605; x_wconf 84' lang='lat' dir='ltr'>sed</span> <span class='ocrx_word' id='word_1_179' title='bbox 281 2541 408 2604; x_wconf 80' lang='lat' dir='ltr'>levitatis</span> <span class='ocrx_word' id='word_1_180' title='bbox 422 2541 537 2601; x_wconf 65' lang='lat' dir='ltr'>eumen</span> <span class='ocrx_word' id='word_1_181' title='bbox 551 2541 653 2601; x_wconf 79' lang='lat' dir='ltr'>neseio</span> <span class='ocrx_word' id='word_1_182' title='bbox 669 2560 709 2601; x_wconf 88' lang='lat' dir='ltr'>an</span> <span class='ocrx_word' id='word_1_183' title='bbox 729 2558 792 2601; x_wconf 90' lang='lat' dir='ltr'>non</span> <span class='ocrx_word' id='word_1_184' title='bbox 808 2543 880 2602; x_wconf 85' lang='lat' dir='ltr'>satis</span> <span class='ocrx_word' id='word_1_185' title='bbox 895 2543 1037 2605; x_wconf 75' lang='lat' dir='ltr'>riurerit.</span> <span class='ocrx_word' id='word_1_186' title='bbox 1072 2562 1109 2603; x_wconf 84' lang='lat' dir='ltr'>au</span> <span class='ocrx_word' id='word_1_187' title='bbox 1133 2562 1183 2603; x_wconf 81' lang='lat' dir='ltr'>re·</span> 
     </span>
     <span class='ocr_line' id='line_1_23' title="bbox 111 2641 1181 2723; baseline -0.002 -13"><span class='ocrx_word' id='word_1_188' title='bbox 111 2649 181 2710; x_wconf 81' lang='lat' dir='ltr'>rum</span> <span class='ocrx_word' id='word_1_189' title='bbox 197 2647 244 2708; x_wconf 87' lang='lat' dir='ltr'>vel</span> <span class='ocrx_word' id='word_1_190' title='bbox 258 2644 394 2723; x_wconf 79' lang='lat' dir='ltr'>tetigisse</span> <span class='ocrx_word' id='word_1_191' title='bbox 408 2643 462 2704; x_wconf 75' lang='lat' dir='ltr'>tbi</span> <span class='ocrx_word' id='word_1_192' title='bbox 477 2643 594 2703; x_wconf 80' lang='lat' dir='ltr'>ridetur</span> <span class='ocrx_word' id='word_1_193' title='bbox 609 2641 803 2704; x_wconf 81' lang='lat' dir='ltr'>Dindorfins?</span> <span class='ocrx_word' id='word_1_194' title='bbox 829 2646 922 2706; x_wconf 89' lang='lat' dir='ltr'>immo</span> <span class='ocrx_word' id='word_1_195' title='bbox 936 2657 966 2707; x_wconf 86' lang='lat' dir='ltr'>et</span> <span class='ocrx_word' id='word_1_196' title='bbox 982 2665 1051 2708; x_wconf 81' lang='lat' dir='ltr'>rere</span> <span class='ocrx_word' id='word_1_197' title='bbox 1065 2646 1181 2708; x_wconf 71' lang='lat' dir='ltr'>oceno·</span> 
     </span>
     <span class='ocr_line' id='line_1_24' title="bbox 112 2746 1182 2831; baseline -0.003 -17"><span class='ocrx_word' id='word_1_198' title='bbox 112 2770 179 2814; x_wconf 83' lang='lat' dir='ltr'>esse</span> <span class='ocrx_word' id='word_1_199' title='bbox 193 2748 326 2813; x_wconf 80' lang='lat' dir='ltr'>iabtdarn</span> <span class='ocrx_word' id='word_1_200' title='bbox 340 2748 378 2809; x_wconf 92' lang='lat' dir='ltr'>ab</span> <span class='ocrx_word' id='word_1_201' title='bbox 391 2746 533 2826; x_wconf 84' lang='lat' dir='ltr'>Euripide</span> <span class='ocrx_word' id='word_1_202' title='bbox 549 2746 666 2806; x_wconf 85' lang='lat' dir='ltr'>minore</span> <span class='ocrx_word' id='word_1_203' title='bbox 681 2748 844 2809; x_wconf 81' lang='lat' dir='ltr'>tenendum</span> <span class='ocrx_word' id='word_1_204' title='bbox 859 2759 905 2809; x_wconf 83' lang='lat' dir='ltr'>est</span> <span class='ocrx_word' id='word_1_205' title='bbox 916 2785 959 2795; x_wconf 90' lang='lat'><em>-</em></span> <span class='ocrx_word' id='word_1_206' title='bbox 970 2767 1039 2811; x_wconf 86' lang='lat' dir='ltr'>nam</span> <span class='ocrx_word' id='word_1_207' title='bbox 1054 2751 1126 2831; x_wconf 77' lang='lat' dir='ltr'>qnid</span> <span class='ocrx_word' id='word_1_208' title='bbox 1137 2760 1182 2811; x_wconf 71' lang='lat' dir='ltr'>eat</span> 
     </span>
     <span class='ocr_line' id='line_1_25' title="bbox 111 2850 1182 2936; baseline -0.002 -19"><span class='ocrx_word' id='word_1_209' title='bbox 111 2855 194 2936; x_wconf 89' lang='lat' dir='ltr'>quod</span> <span class='ocrx_word' id='word_1_210' title='bbox 209 2853 315 2915; x_wconf 80' lang='lat' dir='ltr'>scholii</span> <span class='ocrx_word' id='word_1_211' title='bbox 328 2852 536 2913; x_wconf 82' lang='lat' dir='ltr'>auctoritatem</span> <span class='ocrx_word' id='word_1_212' title='bbox 558 2850 739 2911; x_wconf 74' lang='lat' dir='ltr'>wmminuat</span> <span class='ocrx_word' id='word_1_213' title='bbox 760 2853 910 2914; x_wconf 85' lang='lat' dir='ltr'>immerito</span> <span class='ocrx_word' id='word_1_214' title='bbox 930 2855 961 2915; x_wconf 92' lang='lat' dir='ltr'>in</span> <span class='ocrx_word' id='word_1_215' title='bbox 983 2855 1182 2934; x_wconf 75' lang='lat' dir='ltr'>suspicionem</span> 
     </span>
     <span class='ocr_line' id='line_1_26' title="bbox 111 2954 1184 3039; baseline -0.002 -18"><span class='ocrx_word' id='word_1_216' title='bbox 111 2954 234 3020; x_wconf 80' lang='lat' dir='ltr'>vocati?</span> <span class='ocrx_word' id='word_1_217' title='bbox 248 2991 291 3000; x_wconf 88' lang='lat'><em>-</em></span> <span class='ocrx_word' id='word_1_218' title='bbox 306 2965 335 3016; x_wconf 87' lang='lat' dir='ltr'>et</span> <span class='ocrx_word' id='word_1_219' title='bbox 349 2957 414 3036; x_wconf 87' lang='lat' dir='ltr'>ipsa</span> <span class='ocrx_word' id='word_1_220' title='bbox 428 2954 535 3025; x_wconf 81' lang='lat' dir='ltr'>fabula,</span> <span class='ocrx_word' id='word_1_221' title='bbox 550 2955 576 3014; x_wconf 85' lang='lat' dir='ltr'>si</span> <span class='ocrx_word' id='word_1_222' title='bbox 591 2954 711 3033; x_wconf 84' lang='lat' dir='ltr'>quidem</span> <span class='ocrx_word' id='word_1_223' title='bbox 726 2956 849 3017; x_wconf 82' lang='lat' dir='ltr'>minime</span> <span class='ocrx_word' id='word_1_224' title='bbox 872 2977 908 3019; x_wconf 93' lang='lat' dir='ltr'>eo</span> <span class='ocrx_word' id='word_1_225' title='bbox 932 2958 1022 3019; x_wconf 90' lang='lat' dir='ltr'>modo</span> <span class='ocrx_word' id='word_1_226' title='bbox 1037 2978 1097 3039; x_wconf 83' lang='lat' dir='ltr'>quo</span> <span class='ocrx_word' id='word_1_227' title='bbox 1112 2958 1184 3019; x_wconf 81' lang='lat' dir='ltr'>llin-</span> 
     </span>
     <span class='ocr_line' id='line_1_27' title="bbox 113 3057 1184 3143; baseline -0.003 -18"><span class='ocrx_word' id='word_1_228' title='bbox 113 3062 209 3127; x_wconf 86' lang='lat' dir='ltr'>dorfio</span> <span class='ocrx_word' id='word_1_229' title='bbox 225 3060 380 3122; x_wconf 86' lang='lat' dir='ltr'>videbatur</span> <span class='ocrx_word' id='word_1_230' title='bbox 390 3057 669 3139; x_wconf 84' lang='lat' dir='ltr'>interpolationibus</span> <span class='ocrx_word' id='word_1_231' title='bbox 680 3060 881 3123; x_wconf 81' lang='lat' dir='ltr'>contaminata</span> <span class='ocrx_word' id='word_1_232' title='bbox 894 3071 950 3133; x_wconf 76' lang='lat' dir='ltr'>est,</span> <span class='ocrx_word' id='word_1_233' title='bbox 966 3063 1094 3125; x_wconf 77' lang='lat' dir='ltr'>inultum</span> <span class='ocrx_word' id='word_1_234' title='bbox 1106 3081 1184 3143; x_wconf 67' lang='lat' dir='ltr'>puori-</span> 
     </span>
     <span class='ocr_line' id='line_1_28' title="bbox 113 3159 649 3239; baseline -0.015 -10"><span class='ocrx_word' id='word_1_235' title='bbox 113 3166 193 3229; x_wconf 89' lang='lat' dir='ltr'>deris</span> <span class='ocrx_word' id='word_1_236' title='bbox 209 3165 292 3227; x_wconf 88' lang='lat' dir='ltr'>addit</span> <span class='ocrx_word' id='word_1_237' title='bbox 306 3164 482 3227; x_wconf 81' lang='lat' dir='ltr'>scholiastae</span> <span class='ocrx_word' id='word_1_238' title='bbox 496 3159 649 3239; x_wconf 50' lang='lat' dir='ltr'>verbnm.</span> 
     </span>
    </p>
   </div>
   <div class='ocr_carea' id='block_1_3' title="bbox 112 3392 1184 4065">
    <p class='ocr_par' dir='ltr' id='par_1_4' title="bbox 182 3392 468 3460">
     <span class='ocr_line' id='line_1_29' title="bbox 182 3392 468 3460; baseline -0.014 -14"><span class='ocrx_word' id='word_1_239' title='bbox 182 3392 215 3460; x_wconf 59' lang='lat' dir='ltr'>’il</span> <span class='ocrx_word' id='word_1_240' title='bbox 234 3396 253 3446; x_wconf 92' lang='lat' dir='ltr'>l.</span> <span class='ocrx_word' id='word_1_241' title='bbox 267 3393 286 3444; x_wconf 88' lang='lat' dir='ltr'>l.</span> <span class='ocrx_word' id='word_1_242' title='bbox 299 3407 357 3458; x_wconf 67' lang='lat' dir='ltr'>pag.</span> <span class='ocrx_word' id='word_1_243' title='bbox 369 3392 420 3443; x_wconf 72' lang='lat'>326</span> <span class='ocrx_word' id='word_1_244' title='bbox 432 3408 468 3460; x_wconf 72' lang='lat' dir='ltr'>eq.</span> 
     </span>
    </p>

    <p class='ocr_par' dir='ltr' id='par_1_5' title="bbox 183 3477 518 3544">
     <span class='ocr_line' id='line_1_30' title="bbox 183 3477 518 3544; baseline -0.009 -13"><span class='ocrx_word' id='word_1_245' title='bbox 183 3482 215 3544; x_wconf 73' lang='grc' dir='ltr'>Π)</span> <span class='ocrx_word' id='word_1_246' title='bbox 234 3477 267 3531; x_wconf 81' lang='lat' dir='ltr'>ei.</span> <span class='ocrx_word' id='word_1_247' title='bbox 281 3479 334 3529; x_wconf 84' lang='lat' dir='ltr'>hui.</span> <span class='ocrx_word' id='word_1_248' title='bbox 348 3478 393 3529; x_wconf 81' lang='lat' dir='ltr'>lib.</span> <span class='ocrx_word' id='word_1_249' title='bbox 406 3492 464 3543; x_wconf 68' lang='lat' dir='ltr'>pag.</span> <span class='ocrx_word' id='word_1_250' title='bbox 475 3479 518 3529; x_wconf 66' lang='lat'>2¹).</span> 
     </span>
    </p>

    <p class='ocr_par' dir='ltr' id='par_1_6' title="bbox 112 3562 1184 3807">
     <span class='ocr_line' id='line_1_31' title="bbox 182 3562 1184 3634; baseline -0.001 -17"><span class='ocrx_word' id='word_1_251' title='bbox 182 3567 215 3634; x_wconf 63' lang='grc' dir='ltr'>7θ)</span> <span class='ocrx_word' id='word_1_252' title='bbox 233 3565 366 3632; x_wconf 75' lang='lat' dir='ltr'>Euripidis</span> <span class='ocrx_word' id='word_1_253' title='bbox 376 3573 460 3629; x_wconf 62' lang='lat' dir='ltr'>tna.</span> <span class='ocrx_word' id='word_1_254' title='bbox 472 3572 577 3628; x_wconf 70' lang='lat' dir='ltr'>aperit</span> <span class='ocrx_word' id='word_1_255' title='bbox 586 3572 647 3615; x_wconf 69' lang='lat' dir='ltr'>tn</span> <span class='ocrx_word' id='word_1_256' title='bbox 657 3562 696 3615; x_wconf 85' lang='lat' dir='ltr'>tlt</span> <span class='ocrx_word' id='word_1_257' title='bbox 709 3564 791 3615; x_wconf 70' lang='lat' dir='ltr'>(lun.</span> <span class='ocrx_word' id='word_1_258' title='bbox 802 3579 825 3613; x_wconf 80' lang='lat' dir='ltr'>a.</span> <span class='ocrx_word' id='word_1_259' title='bbox 839 3563 912 3615; x_wconf 71' lang='lat' dir='ltr'>isati,</span> <span class='ocrx_word' id='word_1_260' title='bbox 923 3577 978 3626; x_wconf 64' lang='grc' dir='ltr'>μς,</span> <span class='ocrx_word' id='word_1_261' title='bbox 986 3562 1036 3613; x_wconf 68' lang='lat' dir='ltr'>ill</span> <span class='ocrx_word' id='word_1_262' title='bbox 1047 3580 1097 3631; x_wconf 63' lang='grc' dir='ltr'>νη,</span> <span class='ocrx_word' id='word_1_263' title='bbox 1125 3566 1168 3631; x_wconf 69' lang='lat' dir='ltr'>qui</span> <span class='ocrx_word' id='word_1_264' title='bbox 1179 3592 1184 3601; x_wconf 84' lang='lat'>-</span> 
     </span>
     <span class='ocr_line' id='line_1_32' title="bbox 112 3648 1184 3718; baseline -0.002 -13"><span class='ocrx_word' id='word_1_265' title='bbox 112 3656 218 3707; x_wconf 76' lang='lat' dir='ltr'>boscum</span> <span class='ocrx_word' id='word_1_266' title='bbox 225 3668 305 3717; x_wconf 82' lang='lat' dir='ltr'>eomp.</span> <span class='ocrx_word' id='word_1_267' title='bbox 318 3651 452 3718; x_wconf 77' lang='lat' dir='ltr'>quaeiden</span> <span class='ocrx_word' id='word_1_268' title='bbox 457 3650 532 3701; x_wconf 66' lang='lat' dir='ltr'>nid.</span> <span class='ocrx_word' id='word_1_269' title='bbox 543 3651 610 3701; x_wconf 79' lang='lat' dir='ltr'>dixit</span> <span class='ocrx_word' id='word_1_270' title='bbox 622 3651 692 3702; x_wconf 69' lang='lat' dir='ltr'>rm.</span> <span class='ocrx_word' id='word_1_271' title='bbox 706 3667 741 3702; x_wconf 75' lang='lat' dir='ltr'>se,</span> <span class='ocrx_word' id='word_1_272' title='bbox 751 3651 792 3701; x_wconf 74' lang='lat' dir='ltr'>ed.</span> <span class='ocrx_word' id='word_1_273' title='bbox 801 3650 831 3699; x_wconf 63' lang='lat' dir='ltr'>tl</span> <span class='ocrx_word' id='word_1_274' title='bbox 843 3650 968 3713; x_wconf 33' lang='lat' dir='ltr'>ibinus</span> <span class='ocrx_word' id='word_1_275' title='bbox 976 3648 1110 3718; x_wconf 61' lang='lat' dir='ltr'>tibiaque</span> <span class='ocrx_word' id='word_1_276' title='bbox 1122 3650 1184 3703; x_wconf 41' lang='lat' dir='ltr'>ituri</span> 
     </span>
     <span class='ocr_line' id='line_1_33' title="bbox 113 3740 241 3807; baseline -0.008 -15"><span class='ocrx_word' id='word_1_277' title='bbox 113 3757 168 3807; x_wconf 70' lang='lat' dir='ltr'>pag.</span> <span class='ocrx_word' id='word_1_278' title='bbox 182 3740 241 3792; x_wconf 75' lang='lat' dir='ltr'>tta</span> 
     </span>
    </p>

    <p class='ocr_par' dir='ltr' id='par_1_7' title="bbox 115 3822 1184 4065">
     <span class='ocr_line' id='line_1_34' title="bbox 182 3822 1183 3889; baseline -0.001 -15"><span class='ocrx_word' id='word_1_279' title='bbox 182 3826 217 3889; x_wconf 68' lang='grc' dir='ltr'>π)</span> <span class='ocrx_word' id='word_1_280' title='bbox 236 3823 305 3875; x_wconf 82' lang='lat' dir='ltr'>ldale</span> <span class='ocrx_word' id='word_1_281' title='bbox 317 3840 383 3874; x_wconf 82' lang='lat' dir='ltr'>nune</span> <span class='ocrx_word' id='word_1_282' title='bbox 395 3832 453 3888; x_wconf 68' lang='lat' dir='ltr'>pou</span> <span class='ocrx_word' id='word_1_283' title='bbox 464 3824 533 3874; x_wconf 74' lang='lat' dir='ltr'>edita</span> <span class='ocrx_word' id='word_1_284' title='bbox 546 3825 576 3873; x_wconf 69' lang='lat' dir='ltr'>d</span> <span class='ocrx_word' id='word_1_285' title='bbox 590 3830 679 3887; x_wconf 71' lang='lat' dir='ltr'>poetas</span> <span class='ocrx_word' id='word_1_286' title='bbox 692 3824 809 3873; x_wconf 69' lang='lat' dir='ltr'>miens</span> <span class='ocrx_word' id='word_1_287' title='bbox 822 3822 999 3887; x_wconf 62' lang='lat' dir='ltr'>protego-eu</span> <span class='ocrx_word' id='word_1_288' title='bbox 1013 3824 1068 3889; x_wconf 65' lang='lat' dir='ltr'>tm</span> <span class='ocrx_word' id='word_1_289' title='bbox 1083 3823 1131 3873; x_wconf 76' lang='lat' dir='ltr'>eibi</span> <span class='ocrx_word' id='word_1_290' title='bbox 1144 3840 1183 3874; x_wconf 80' lang='lat' dir='ltr'>re·</span> 
     </span>
     <span class='ocr_line' id='line_1_35' title="bbox 115 3909 1184 3978; baseline -0.005 -14"><span class='ocrx_word' id='word_1_291' title='bbox 115 3920 209 3978; x_wconf 73' lang='lat' dir='ltr'>pugnet</span> <span class='ocrx_word' id='word_1_292' title='bbox 221 3911 370 3962; x_wconf 75' lang='lat' dir='ltr'>Dindorbns</span> <span class='ocrx_word' id='word_1_293' title='bbox 386 3910 463 3976; x_wconf 74' lang='lat' dir='ltr'>inque</span> <span class='ocrx_word' id='word_1_294' title='bbox 482 3909 617 3961; x_wconf 71' lang='lat' dir='ltr'>lattbiaei</span> <span class='ocrx_word' id='word_1_295' title='bbox 629 3910 693 3959; x_wconf 67' lang='lat' dir='ltr'>itta</span> <span class='ocrx_word' id='word_1_296' title='bbox 705 3910 893 3961; x_wconf 61' lang='lat' dir='ltr'>memmiae</span> <span class='ocrx_word' id='word_1_297' title='bbox 906 3909 997 3961; x_wconf 66' lang='lat' dir='ltr'>intua</span> <span class='ocrx_word' id='word_1_298' title='bbox 1010 3910 1112 3963; x_wconf 71' lang='lat' dir='ltr'>mult.</span> <span class='ocrx_word' id='word_1_299' title='bbox 1141 3926 1184 3959; x_wconf 73' lang='lat' dir='ltr'>ne·</span> 
     </span>
     <span class='ocr_line' id='line_1_36' title="bbox 115 3993 1183 4065; baseline -0.003 -15"><span class='ocrx_word' id='word_1_300' title='bbox 115 3997 241 4065; x_wconf 75' lang='lat' dir='ltr'>queamus</span> <span class='ocrx_word' id='word_1_301' title='bbox 258 4012 383 4063; x_wconf 75' lang='lat' dir='ltr'>nunquan</span> <span class='ocrx_word' id='word_1_302' title='bbox 399 3995 538 4061; x_wconf 72' lang='lat' dir='ltr'>perlem</span> <span class='ocrx_word' id='word_1_303' title='bbox 556 3995 636 4047; x_wconf 66' lang='lat' dir='ltr'>inim</span> <span class='ocrx_word' id='word_1_304' title='bbox 651 3996 715 4047; x_wconf 72' lang='lat' dir='ltr'>hu</span> <span class='ocrx_word' id='word_1_305' title='bbox 732 3993 855 4057; x_wconf 68' lang='lat' dir='ltr'>inuisa,</span> <span class='ocrx_word' id='word_1_306' title='bbox 874 3996 900 4049; x_wconf 84' lang='lat' dir='ltr'>u</span> <span class='ocrx_word' id='word_1_307' title='bbox 917 3999 982 4063; x_wconf 71' lang='lat' dir='ltr'>qud</span> <span class='ocrx_word' id='word_1_308' title='bbox 1000 3998 1026 4047; x_wconf 77' lang='lat' dir='ltr'>in</span> <span class='ocrx_word' id='word_1_309' title='bbox 1045 3996 1183 4047; x_wconf 66' lang='lat' dir='ltr'>novissim</span> 
     </span>
    </p>
   </div>
   <div class='ocr_carea' id='block_1_4' title="bbox 0 0 1299 4522">
    <p class='ocr_par' dir='ltr' id='par_1_8' title="bbox 0 0 1299 4522">
     <span class='ocr_line' id='line_1_37' title="bbox 0 0 1299 4522; baseline 0 0"><span class='ocrx_word' id='word_1_310' title='bbox 0 0 1299 4522; x_wconf 95' lang='lat' dir='ltr'> </span> 
     </span>
    </p>
   </div>
  </div>
 </body>
</html>
