2588 4522
530 303 571 310 --
619 268 678 330 137
723 304 763 313 -

112 436 284 498 coniectura
299 438 445 517 adsequor
461 438 737 516 quomodofactum
758 440 796 500 sit
812 448 845 501 ut
865 439 1079 501 adsectatorem
1105 453 1179 498 nan-

112 541 276 602 cisceretur
296 541 330 601 G,
352 540 597 602 Dindorfium.
637 542 719 604 hunc
741 552 840 605 autem
869 563 944 622 quos
967 541 1069 604 statim
1091 560 1107 600 e
1127 558 1180 601 sua

111 645 282 706 coniectura
297 644 419 706 seclusit
434 662 536 706 versus
554 644 782 707 toln-1023.
803 647 954 708 immerito
971 644 1111 706 abiecisse
1126 661 1180 723 pro

112 743 278 805 certissimo
293 742 398 806 haheo.

197 847 330 909 Primum
355 847 476 928 quidem
499 847 617 908 illorum
641 866 794 921 versuum,
822 849 938 928 qualem
959 866 1040 910 nunc
1061 849 1180 928 quidem

110 954 242 1035 speciem
257 957 323 1026 fert,
341 952 564 1014 concedendum
587 962 630 1012 est
646 951 829 1031 suspiciones
846 970 966 1013 movere
985 952 1180 1032 gravissimas,

111 1054 230 1135 quibus,
248 1055 391 1134 quoniam
407 1052 518 1132 optime
534 1053 679 1113 tolluntur
690 1060 718 1111 et
735 1050 895 1124 lenissime,
910 1069 973 1113 non
988 1054 1079 1118 nimis
1093 1056 1181 1118 debet

110 1157 268 1235 indulgeri.
303 1155 517 1216 Offendehatur
533 1155 613 1215 enim
630 1154 665 1216 ab
682 1155 917 1234 omnitempore
941 1165 973 1235 et
990 1157 1022 1220 in
1044 1180 1079 1220 eo
1100 1162 1179 1240 quod

109 1253 148 1323 τὸ
170 1256 291 1345 χρῇζον
313 1260 445 1321 hocloco
463 1258 620 1319 manifesto
637 1258 673 1318 de
689 1278 722 1318 ea
737 1277 770 1318 re
786 1259 898 1319 dictum
920 1269 966 1321 est
981 1281 1056 1341 quae
1072 1263 1107 1324 ab
1128 1265 1181 1325 ali-

110 1383 170 1445 quo
187 1369 322 1444 optatur,
344 1362 476 1441 quamvis
500 1363 539 1422 sit
558 1369 793 1423 consentaneum
816 1379 970 1442 nunquam
993 1367 1178 1447 participium

109 1468 238 1530 activum
255 1466 318 1527 vice
334 1466 416 1544 fungi
432 1485 521 1545 posse
538 1465 655 1544 passivi,
672 1472 701 1525 et
717 1465 748 1524 in
762 1485 797 1525 eo
814 1467 894 1545 quod
910 1459 938 1528 εἰ
958 1469 1100 1546 particula
1124 1471 1180 1533 sihi

113 1572 307 1634 subiunctum
323 1571 411 1631 halet
426 1569 507 1630 verbi
528 1577 648 1648 tempus
669 1570 812 1630 aoristum
833 1569 898 1643 uhi,
920 1572 1060 1650 quoniam
1081 1578 1180 1636 futura

114 1675 250 1738 condicio
266 1674 362 1754 posita
378 1680 432 1746 est,
449 1673 523 1733 nihil
538 1673 615 1733 aliud
631 1672 688 1732 nisi
700 1672 835 1734 futurum
849 1681 900 1733 aut
910 1691 1050 1753 praesens
1064 1685 1180 1756 tempus

111 1781 209 1841 locum
228 1778 336 1839 habere
352 1785 459 1857 potest.
493 1775 547 1836 ista
562 1776 639 1847 vitia,
656 1795 730 1855 quae
742 1784 785 1837 tot
798 1777 1037 1839 doctissimorum
1051 1780 1179 1843 virorum

113 1882 292 1945 emendandi
308 1890 431 1943 conatus
445 1881 624 1950 fefellerunt,
640 1880 726 1958 longe
741 1879 795 1941 alia
808 1880 869 1941 visa
884 1889 954 1941 sunt
964 1900 998 1942 ac
1010 1901 1085 1961 quae
1096 1884 1179 1964 lapso

113 1989 225 2050 calamo
241 1995 290 2048 aut
308 1985 418 2048 detrito
434 1983 534 2045 codice
551 1991 615 2044 orta
631 1982 698 2054 sint,
714 1984 794 2044 unde
810 1983 918 2044 factum
936 1992 982 2045 est
998 1993 1031 2047 ut
1045 1987 1179 2067 interpo-

111 2094 238 2154 latorem
253 2090 422 2168 suspicatus
438 2088 476 2148 sit
500 2088 532 2147 G.
555 2085 774 2148 Dindorfius
799 2072 986 2149 adsentiente
1006 2087 1180 2152 Nauckio.

112 2205 141 2258 at
163 2195 341 2257 medicinam
363 2191 583 2253 difficultatibus
604 2191 791 2270 reperierunt
811 2192 893 2253 alteri
915 2191 1116 2254 llirchhoff
1123 2195 1181 2257 ius

112 2300 198 2360 alteri
221 2297 393 2367 Weilius‚
423 2314 495 2375 quas
518 2295 702 2357 coniecturas
729 2295 906 2375 simulatque
934 2296 965 2357 iu
991 2315 1085 2359 unum
1108 2317 1181 2360 con-

111 2403 233 2465 iunxisti
249 2421 310 2462 non
327 2400 413 2460 modo
430 2417 549 2460 versum
565 2401 654 2460 habes
667 2399 703 2458 ab
716 2400 798 2460 omni
810 2400 978 2479 suspicione
988 2401 1113 2462 liberum
1129 2403 1181 2463 sed

111 2507 266 2585 pulchram
282 2503 469 2576 sententiam,
492 2503 657 2581 elegantem
678 2520 861 2564 sermonem.
896 2504 975 2582 quod
999 2512 1096 2564 autern
1116 2522 1183 2582 gra-

112 2609 270 2671 vissimum
287 2616 342 2681 est,
358 2606 508 2668 lenissima
523 2615 650 2686 utraque
666 2614 710 2666 est
725 2607 866 2680 mutatio,
883 2626 958 2686 quae
980 2617 1079 2668 autem
1100 2607 1181 2668 Wei-

111 2714 186 2775 lium
208 2713 297 2774 habet
315 2721 467 2774 auctorem
488 2712 559 2790 ipsis
581 2709 730 2772 codicibus
754 2710 882 2789 quodam
912 2711 1001 2772 modo
1024 2705 1179 2773 'commen-

110 2819 209 2880 datur.

197 2919 331 2982 Coniecit
346 2919 426 2980 enim
442 2917 708 2978 llirchhot'l'ius
725 2908 855 2995 ἐντιθεν,
872 2920 954 2979 unde
973 2919 1038 2980 voci
1052 2912 1090 2981 τὸ
1104 2916 1182 3003 χρῇ-

114 3021 171 3102 ζον
187 3024 229 3084 vis
244 3022 378 3083 redditur
394 3022 500 3094 activa,
517 3021 636 3100 scripsit
656 3006 677 3105 ᾗ
698 3021 852 3083 Weilius
871 3040 925 3102 pro
946 3014 974 3083 εἰ
995 3024 1075 3102 quod
1096 3022 1181 3101 vulgo

111 3128 229 3208 legitur,
247 3126 325 3187 unde
340 3133 455 3188 remota
470 3145 528 3206 qua
545 3127 617 3186 certi
632 3125 741 3204 aliquid
757 3125 915 3205 respicitur
930 3125 1106 3185 condicione
1122 3143 1182 3186 ma-

109 3231 154 3310 gis
170 3230 201 3291 in
219 3229 390 3291 universum
406 3237 592 3308 spectantem
608 3247 641 3290 ac
655 3229 822 3305 generalem
840 3228 1042 3289 nanciscimur
1058 3238 1182 3289 senten-

108 3337 192 3397 tiam.
227 3332 334 3395 licebat
348 3342 447 3395 autem
465 3333 566 3394 Weilio
583 3353 617 3394 eo
633 3331 726 3411 magis
742 3331 917 3411 particulam
939 3323 968 3393 εἰ
983 3331 1097 3393 abicere
1114 3331 1181 3411 quia

108 3430 161 3523 εἴη
189 3438 279 3499 habet
306 3439 397 3499 codex
423 3437 630 3509 limentinus,
663 3436 814 3497 Palatinus
846 3436 915 3515 quid
953 3433 1092 3514 praebeat
1118 3452 1181 3495 non

112 3549 241 3604 constat.

199 3644 382 3705 Cousociatis
397 3644 485 3722 igitur
500 3644 546 3704 his
560 3643 737 3704 coniecturis
752 3660 869 3703 versum
885 3643 975 3702 1017.
992 3641 1034 3702 sic
1045 3639 1180 3701 restitui:

266 3731 287 3830 ᾗ
308 3739 368 3828 γὰρ
391 3739 428 3807 cd
450 3742 565 3830 χρῇζον
588 3738 704 3808 diridet
727 3739 763 3805 od
786 3738 903 3824 τούμὸν
925 3737 1026 3828 χρεών

265 3847 391 3932 χωρεῖν.

113 3947 152 4016 τὸ
173 3949 291 4038 χρῇζον
315 3960 425 4026 autem,
440 3956 471 4016 td
486 3957 559 4034 quod
574 3967 659 4034 optut,
676 3961 798 4034 apparet
817 3971 852 4013 ex
873 3973 956 4015 more
974 3954 1092 4015 Graecis
1110 3952 1182 4014 satis
