2588 4522
435 1495 506 1572 DE
532 1496 761 1573 FABULAE
788 1494 1052 1573 PROLOGO.

630 1688 713 1763 (vers.
729 1686 856 1749 1.-roa.)

295 1845 317 1904 Ι.
337 1845 365 1905 V.
379 1845 408 1905 5.
435 1877 478 1885 —
492 1843 535 1903 [te
546 1844 662 1922 prologi
673 1842 847 1904 condicione
858 1840 891 1902 in
900 1840 1073 1902 universum
1085 1842 1276 1922 potissimum

212 1946 417 2024 disputaturus
433 1945 511 2024 quod
528 1966 544 2006 a
559 1945 700 2024 singulari
715 1945 843 2024 quodam
859 1961 947 2004 versu
964 1945 1102 2005 exordior
1116 1946 1164 2007 vel
1178 1946 1278 2027 potius

212 2049 351 2109 vocabulo
372 2048 545 2128 simpliciter
565 2047 736 2127 explicando
760 2047 860 2108 nescio
888 2064 926 2107 an
942 2047 1026 2108 venia
1040 2047 1115 2109 mihi
1135 2067 1212 2129 opus
1230 2049 1279 2121 sit,

212 2151 295 2231 prins
312 2169 400 2231 quam
418 2158 543 2212 tractare
558 2151 743 2230 propositum
759 2151 898 2230 incipiam
911 2171 927 2212 a
938 2151 1091 2232 proposito
1107 2152 1277 2215 declinanti:

210 2255 262 2314 sed
276 2254 416 2333 quoniam
429 2263 458 2315 et
469 2254 579 2334 ubique
592 2274 731 2316 versuum
748 2255 884 2317 ordinem
896 2273 1013 2318 servare
1025 2273 1123 2337 neque
1135 2258 1172 2319 ab
1184 2258 1279 2320 inter·

210 2357 376 2437 pretatione
383 2358 912 2433 autemendationeabstinerestatui,
925 2359 1008 2420 notui
1021 2361 1145 2423 nehanc
1158 2361 1277 2440 quidem

211 2464 447 2542 praetermittere
474 2462 656 2523 occasionem
678 2462 773 2522 iustae
795 2461 1012 2541 interpretandi
1039 2463 1164 2524 rationis
1191 2484 1278 2526 revo-

213 2567 331 2628 candae.

295 2670 400 2740 Media,
411 2678 497 2730 nocte
520 2671 610 2730 domo
630 2669 731 2748 egredi
751 2668 851 2729 iussus
867 2685 958 2729 senex
973 2666 1129 2729 confestim
1144 2687 1178 2730 se
1193 2670 1278 2733 adfu-

211 2783 312 2834 turum
336 2792 400 2832 esse
421 2772 507 2843 dicit,
531 2773 670 2851 quodne
694 2772 783 2832 nimis
805 2771 913 2831 mirum
937 2770 1069 2831 videatur
1095 2772 1279 2851 pernicitatis

212 2895 281 2936 suae
294 2875 373 2935 addit
386 2893 513 2945 cansam,
526 2874 612 2954 plane
620 2874 786 2934 insomnem
796 2872 905 2935 scilicet
916 2874 973 2935 sibi
982 2881 1166 2936 senectutem
1176 2895 1250 2938 esse
1258 2874 1278 2952 ¹)

729 2967 872 3038 σπεύδω.
1115 2983 1118 2988 ’

411 3070 501 3158 μάλα
523 3099 575 3141 τοι
597 3080 698 3163 γῆρας
719 3072 842 3159 τούμὸν
865 3071 989 3142 ἄυπνον

411 3181 467 3244 καὶ
488 3175 544 3244 ἐπ’
568 3175 764 3267 ὀφθαλμοῖς
787 3175 847 3259 ὀξὺ
870 3179 1037 3266 πάρεστιν.

297 3285 390 3347 Verba
406 3287 527 3348 minime
543 3289 667 3349 obscura
683 3288 756 3349 adeo
769 3287 907 3348 omnihus
922 3286 1099 3349 videbantur
1109 3288 1277 3359 obscurata,

213 3388 310 3449 addito
326 3388 436 3450 scilicet
452 3389 593 3450 vocabulo
610 3382 676 3467 ὀξύ,
693 3399 726 3450 ut
742 3390 851 3450 mirum
867 3399 1012 3469 qnantum
1028 3390 1161 3471 undique
1176 3402 1279 3455 vexata

153 3572 155 3577 Ι
211 3492 282 3551 sint.
305 3491 381 3551 miro
397 3493 485 3552 modo
502 3512 534 3554 ea
551 3493 694 3554 contorsit
708 3494 958 3565 dermannus,
975 3494 1059 3556 cuius
1074 3496 1148 3558 haec
1163 3505 1210 3558 est
1225 3516 1277 3558 ex-

214 3605 423 3613 ----—.-..--—-

283 3649 301 3712 ¹)
319 3648 398 3700 Nullo
409 3649 480 3698 modo
491 3648 629 3698 audiendus
639 3656 679 3699 cst
690 3649 835 3708 Bromius,
847 3650 889 3699 cui
900 3650 1053 3701 tarditatem
1064 3666 1142 3701 senex
1153 3667 1278 3703 excusare

208 3735 282 3785 risus
293 3744 338 3786 est.
353 3735 418 3800 quiid
428 3743 511 3784 autom
523 3749 610 3785 vocem
620 3730 676 3797 ὀξύ,
689 3736 719 3785 dc
730 3750 779 3801 qun
789 3742 843 3785 tota
853 3736 913 3785 haec
926 3735 1041 3801 quaestio
1055 3743 1102 3799 cst,
1115 3736 1277 3788 substantiva

212 3823 236 3873 vi
249 3823 398 3872 instructam
412 3837 469 3871 esse
484 3822 575 3884 voluit,
589 3821 715 3872 refutatus
726 3830 765 3872 cst
776 3821 806 3872 nb
817 3821 1003 3887 Hermanno,
1018 3821 1152 3887 Leipziger
1162 3821 1277 3873 Littera-

210 3908 355 3971 tnrzcitnng
368 3925 390 3957 a.
407 3907 480 3959 1819.
496 3924 535 3957 no.
549 3908 606 3957 247.
619 3923 675 3972 png.
692 3909 764 3959 1974.
