2588 4522
540 293 590 342 -’
626 296 665 358 91
711 336 752 345 .-

111 482 162 527 cos
182 463 355 543 complexos
377 483 443 526 esse
464 466 586 545 cogitari
611 475 711 546 potest
736 488 826 547 quam
853 469 966 531 Orestis
995 471 1181 533 mentionem

110 565 406 647 lgmemnonisque
421 567 622 648 responsum?

198 669 274 729 'l'am
288 669 382 731 firmis
395 672 485 750 igitur
495 675 679 752 argumentis
691 692 758 736 cum
772 675 914 737 defensus
925 676 964 736 sit
976 678 1027 756 qui
1040 697 1181 739 versuum

110 770 305 833 dau-634.
321 772 352 833 in
368 773 450 834 libris
467 783 512 837 est
526 777 609 848 ordo,
625 777 720 856 prima
735 797 855 857 quoque
877 779 933 840 ista
956 781 1030 841 10110
1053 783 1182 842 auctori-

108 882 204 937 tatem
227 874 339 936 amisit.
372 894 471 957 neque
492 879 585 958 magis
605 899 724 941 causam
746 881 830 942 video
851 900 955 943 versus
977 881 1038 944 638
1056 903 1099 963 sq.
1116 884 1181 945 loco

108 997 166 1039 suo
181 978 324 1039 movendi
340 987 370 1040 01
385 980 463 1041 inter
478 999 582 1043 versus
599 980 670 1043 632.
687 990 716 1044 et
736 982 808 1044 633.
830 985 973 1062 ponendi.
1008 1004 1138 1067 namque
1154 997 1183 1049 ct

109 1081 344 1161 Clytaemnestra
359 1082 434 1143 111100
450 1086 631 1164 respondeat
652 1105 840 1166 nequaquam
864 1105 986 1149 necesse
1006 1108 1072 1150 esse
1095 1109 1183 1170 supra

109 1185 216 1247 monui
232 1192 262 1246 01
277 1186 412 1247 lacunam
427 1184 506 1247 inter
521 1195 665 1267 utrosque
679 1208 782 1250 versus
797 1190 1002 1252 intercessisse
1022 1193 1112 1253 modo
1135 1193 1180 1253 vi-

109 1289 221 1351 dimus.
257 1288 341 1350 cuius
357 1289 478 1349 lacunae
494 1291 656 1369 explendae
670 1311 758 1354 causa
772 1312 839 1354 cum
857 1295 982 1355 dubitari
1006 1312 1068 1356 non
1090 1295 1184 1375 possit

109 1391 188 1473 quin
203 1408 310 1452 versus
326 1389 514 1452 635.-637.
533 1392 637 1471 aliquis
654 1393 812 1456 fabricatus
829 1396 876 1469 sit,
892 1397 943 1475 qui
965 1416 1014 1457 eos
1030 1407 1182 1468 secuntur,
1261 1416 1264 1421 ¹

110 1513 219 1556 versus
237 1492 299 1555 638
316 1512 371 1573 sq.,
388 1503 438 1554 aut
452 1496 574 1572 genuini
589 1515 656 1565 esse
677 1485 765 1576 atque
787 1517 838 1558 eos
860 1499 911 1577 qui
926 1499 1030 1561 lacuna
1046 1501 1182 1561 exhausti

109 1605 184 1659 sunt
198 1596 350 1676 excepisse
365 1606 416 1658 aut
430 1597 487 1676 ipsi
503 1599 595 1677 spurii
611 1600 646 1660 ab
663 1601 768 1661 eodem
784 1601 833 1680 qui
851 1601 957 1662 alteros
973 1604 1044 1664 10011
1058 1603 1181 1664 homine

110 1700 259 1780 originem
275 1700 383 1761 ducere
398 1701 486 1762 nobis
501 1701 593 1762 videri
614 1703 723 1764 debent
745 1704 844 1784 potius
869 1724 958 1783 quam
981 1725 1017 1767 ex
1039 1724 1107 1767 1010
1130 1725 1184 1767 sua

109 1822 202 1884 quam
224 1810 293 1883 post
313 1822 434 1865 versum
459 1803 530 1865 632.
559 1806 758 1868 obtinuissent
785 1808 855 1868 sede
881 1809 941 1869 huc
967 1808 1080 1870 devecti
1107 1827 1181 1870 esse.

110 1925 182 1970 nam
197 1906 283 1968 facilc
298 1907 418 1987 quidem
436 1908 595 1987 excogitari
609 1916 708 1989 potest
722 1910 780 1971 tale
796 1910 884 1990 quid,
900 1911 1069 1992 inantiquo
1085 1911 1183 1992 aliquo

109 2010 491 2073 001100101311311103638
509 2030 564 2091 sq,
580 2012 632 2090 qui
646 2013 744 2074 locum
761 2031 850 2074 suum
874 2020 942 2093 post
967 2030 1087 2075 versum
1108 2011 1181 2074 632.

108 2114 285 2188 habuerint,
312 2114 344 2175 in
369 2114 467 2174 media
487 2113 593 2193 pagina
623 2115 750 2176 omissos
773 2115 900 2194 ideoque
920 2115 952 2176 in
973 2115 1107 2195 margine
1130 2116 1183 2176 ad-

108 2218 240 2298 scriptos
254 2217 356 2290 111330,
372 2217 450 2278 unde
465 2226 567 2297 postea
588 2216 620 2277 in
636 2236 672 2276 eo
692 2216 768 2278 libro
790 2217 842 2297 qui
862 2217 898 2278 ab
919 2217 975 2278 isto
1003 2218 1104 2279 codice
1131 2218 1183 2278 de-

108 2321 242 2402 scriptus
257 2319 296 2381 sit
311 2321 440 2382 alienum
455 2320 554 2381 locum
578 2320 795 2400 occupaverint.
830 2320 883 2380 sed
898 2321 971 2382 11000
986 2330 1015 2382 01
1031 2340 1105 2401 quae
1121 2328 1183 2381 310-

107 2423 154 2485 tui
169 2430 298 2504 possunt
314 2422 420 2485 similia
435 2421 491 2482 etsi
505 2440 567 2484 non
583 2421 747 2484 abhorrent
761 2440 777 2482 a
793 2421 855 2483 1011
866 2422 1068 2496 similitudine,
1081 2430 1182 2484 tamen

108 2527 157 2588 vix
173 2526 356 2588 admittenda
371 2525 444 2585 mihi
459 2525 598 2587 videntur
611 2533 768 2605 propterea
784 2525 863 2605 quod
876 2544 978 2586 versus
991 2525 1050 2586 631
1065 2544 1109 2603 sq.
1126 2543 1183 2584 ne·

108 2629 241 2692 cessario
258 2629 446 2708 excipiendos
461 2648 527 2690 esse
541 2629 675 2689 versibus
691 2627 752 2688 638
769 2647 813 2707 sq.
830 2644 892 2687 non
908 2634 1006 2706 potest
1021 2626 1150 2708 probari.

199 2733 344 2794 Tractatis
359 2732 447 2810 igitur
461 2731 585 2810 singulis
601 2731 659 2791 iam
674 2732 710 2792 de
725 2738 789 2792 toto
801 2731 870 2791 loco
886 2731 957 2810 quid
969 2717 1096 2792 sentiam
1113 2729 1184 2791 hre-

108 2838 189 2899 viter
203 2836 360 2898 dicendum
376 2835 441 2896 erit.
474 2835 572 2915 Atque
587 2834 614 2894 ci
630 2834 751 2914 quidem
767 2851 869 2894 versus
882 2841 1021 2913 quattuor
1038 2834 1089 2915 qui
1100 2833 1183 2914 prio-

108 2959 178 3002 rem
194 2947 309 3018 partem
324 2940 578 3018 complectuntur,
595 2938 620 2998 si
636 2937 817 2999 sententiam
840 2937 934 3015 qualis
956 2937 1047 2998 luisse
1067 2938 1183 3000 videtur

109 3043 297 3123 respicimus,
314 3042 370 3103 etsi
384 3042 469 3102 lacile
493 3042 533 3102 eis
550 3060 716 3114 careamus,
738 3049 839 3103 tamen
860 3059 923 3102 non
944 3048 1014 3102 sunt
1037 3041 1185 3102 eiusmodi

111 3154 145 3208 ut
161 3147 228 3207 iure
243 3164 277 3206 ac
292 3138 398 3207 merito
415 3145 566 3207 eiciantur.
600 3145 716 3206 videtur
729 3146 808 3205 enim
822 3146 1053 3224 Clytaemnestra
1066 3152 1095 3204 et
1106 3144 1184 3205 utri·

111 3268 172 3329 que
186 3248 348 3310 liberorum
364 3249 463 3309 locum
479 3255 661 3309 monstrasse
682 3248 713 3308 in
729 3266 788 3327 quo
804 3247 931 3328 quisque
953 3246 1132 3308 consisteret
1155 3255 1185 3307 01

110 3352 293 3433 Iphigeniae,
309 3359 516 3433 praeterquam
537 3352 615 3432 quod
632 3370 696 3413 eam
718 3359 752 3412 ut
771 3359 886 3431 patrem
909 3353 1052 3412 salutaret
1074 3349 1184 3411 adhor-

111 3465 174 3521 tata
194 3465 256 3529 est,
280 3459 423 3519 nonnulla
444 3458 608 3518 mandasse.
644 3457 716 3517 haec
736 3455 839 3534 igitur,
862 3436 1008 3534 quatenus
1031 3471 1185 3515 111111000-

112 3561 216 3642 gnosci
227 3570 364 3641 possunt,
380 3563 492 3623 nullam
505 3568 625 3622 movent
639 3559 851 3640 suspicionem.
885 3576 983 3637 neque
995 3565 1096 3618 tamen
1108 3557 1184 3629 licet,

110 3668 141 3729 id
158 3667 238 3748 quod
254 3684 343 3746 supra
360 3666 574 3738 demonstravi,
595 3684 698 3727 versus
720 3662 791 3724 628.
809 3661 881 3724 629.
903 3663 982 3723 inter
1003 3681 1035 3723 30
1057 3661 1185 3722 coniun-

112 3789 297 3851 gerensque
319 3769 494 3832 continuare
508 3788 613 3831 versus
630 3768 701 3829 627.
719 3767 800 3840 628.,
824 3785 994 3847 quanquam
1017 3765 1187 3846 suspicione

113 3893 176 3937 non
197 3892 324 3954 prorsus
345 3874 419 3935 liber
442 3881 487 3935 est
502 3891 606 3934 versus
629 3871 699 3933 628.
721 3855 860 3949 cogimur
874 3871 963 3950 igitur
982 3877 1016 3931 ut
1040 3877 1099 3931 tam
1119 3875 1187 3948 post

114 3996 235 4043 versum
257 3976 329 4040 627.
352 3997 441 4058 quam
460 3986 528 4059 post
551 3994 670 4039 versum
692 3975 762 4037 628.
785 3975 868 4054 signa
889 3993 1036 4054 ponamus
1057 3972 1191 4066 lacunae
