2588 4522
536 226 747 347 Loc-

212 444 353 535 Πηλεύς·
376 442 396 517 ὃ
417 447 449 516 d'
473 447 546 533 ἔσχε
568 452 705 541 Νηρέως
726 449 828 542 κόρην
850 453 954 535 Θέτιν,

108 575 181 618 cum
197 557 356 618 notissimo
371 558 421 619 illo
438 559 596 622 Philetaeri
611 580 707 635 versu,

212 650 355 743 Πηλεύς·
378 653 396 725 ὁ
418 659 548 746 Πηλεὺς
570 657 601 726 d'
625 658 713 727 ἐστὶν
734 657 838 746 ὄνομα
858 660 1032 750 κεραμέως,

107 764 158 826 illa
175 764 295 845 quidem
310 768 478 846 pugnantia.

569 908 613 988 V.
643 907 731 988 741.

200 1065 340 1128 xxxva.
357 1102 399 1110 -
413 1067 524 1129 Iniuria
539 1069 621 1130 bunc
638 1089 755 1131 versum
773 1071 856 1132 eiecit
871 1068 1182 1146 Hermannns¹³²)‚

112 1170 250 1251 quamvis
265 1171 321 1232 bac
341 1170 373 1231 in
393 1189 426 1231 re
446 1172 619 1233 convenerit
637 1189 703 1233 cnm
724 1172 885 1247 Montio,
907 1173 1108 1237 adsentientes
1129 1177 1182 1238 ha-

113 1273 217 1335 buerit
232 1274 265 1335 G.
282 1275 521 1336 Dindorfium
542 1274 722 1337 Weilium.
757 1276 856 1338 omnia
877 1277 988 1356 optime
1009 1297 1041 1338 se
1063 1278 1182 1341 habent.

113 1378 154 1440 ita
179 1377 259 1438 enim
280 1377 514 1440 construendum
541 1388 585 1441 est
606 1380 690 1460 quasi
708 1379 751 1441 sic
772 1389 860 1459 poeta
887 1380 1053 1461 scripserit,
1079 1381 1184 1445 ταῦτα

115 1469 198 1542 δὲᾶ
227 1473 286 1565 χρὴ
313 1480 468 1564 παρεῖναι
492 1481 566 1556 ταῖς
588 1477 743 1566 νυμφίοις
764 1478 960 1566 παρθένοις,
990 1478 1029 1546 οὐ
1055 1482 1114 1565 μὲν
1142 1479 1185 1548 τὰ

115 1575 189 1662 ἔξω,
213 1577 278 1663 e’ycd
301 1579 399 1645 δὲτὰ
420 1579 454 1647 ἐν
477 1577 605 1665 δόμοις,
628 1578 838 1669 πράσσωμεν.
879 1588 1074 1668 appositionis
1095 1589 1186 1669 igitur

116 1706 194 1768 quae
210 1688 319 1751 dicitur
335 1689 503 1769 exemplum
519 1690 664 1751 babemus
681 1690 899 1754 usitatissimae.
935 1692 990 1753 etsi
1006 1701 1107 1755 antem
1121 1712 1184 1754 non

115 1791 291 1854 incredibile
307 1799 353 1854 est
368 1810 488 1855 versum
505 1794 576 1854 741.
593 1795 654 1856 sive
669 1793 968 1874 interpretamentum
987 1795 1104 1877 aliquod
1125 1796 1187 1857 sive

117 1895 362 1957 addidamentum
379 1917 458 1965 esse,
480 1905 594 1971 tamen,
615 1899 640 1959 si
660 1899 781 1978 quidem
803 1898 984 1977 argumentis
1006 1898 1036 1959 id
1057 1898 1187 1962 demon-

116 2000 207 2062 strari
222 2018 285 2061 non
299 2008 413 2081 potest,
437 2002 649 2063 abstinendum
666 2008 711 2062 est
728 2020 744 2061 a
759 2002 948 2063 secludendo.
986 2002 1065 2083 quod
1087 2012 1187 2064 autem

117 2103 286 2166 insolenter
300 2104 411 2166 dictum
427 2112 473 2166 est
487 2100 659 2189 νυμφίοισι
682 2100 878 2188 παρθένοις,
908 2106 1018 2167 nnllam
1041 2106 1071 2167 id
1093 2106 1187 2168 offen·

118 2209 239 2271 sionem
252 2208 394 2287 praebere
409 2209 482 2270 mihi
493 2209 618 2283 videtur,
634 2209 776 2290 quoniam
788 2227 841 2270 cur
853 2228 867 2269 a
879 2209 1064 2272 substantivo
1076 2200 1187 2292 νύμφη

119 2322 241 2393 μνααῖαι
256 2312 364 2374 usitata
379 2313 427 2374 illa
442 2305 603 2397 νομφικός
618 2320 648 2374 et
665 2305 841 2396 νομφίδιος
862 2313 986 2375 derivari
1006 2330 1069 2374 non
1091 2313 1187 2392 possit

120 2414 298 2478 adiectivum
319 2408 459 2499 νύμφιος
479 2434 541 2477 non
568 2417 651 2478 video
673 2413 865 2492 causam¹³³).
900 2417 942 2478 sic
964 2435 980 2476 a
1001 2415 1188 2478 substantivo

120 2516 291 2602 παρθένος
306 2519 466 2581 oriundum
481 2512 683 2603 παρθενικάς
697 2521 849 2583 invenitur
863 2526 982 2601 praeter
997 2512 1188 2600 παρθένιος,

121 2642 251 2706 quorum
267 2624 345 2704 quod
361 2625 417 2684 boc
432 2632 462 2685 et
477 2624 597 2705 optimis
612 2623 806 2704 scriptoribus
818 2625 983 2704 praelatum
996 2629 1024 2683 et
1036 2622 1084 2682 illo
1097 2622 1191 2682 multo

122 2727 264 2791 usitatius
285 2735 332 2789 est
351 2726 497 2788 rationem
519 2728 652 2789 videmus
669 2726 847 2789 contrariam
868 2725 895 2787 ei
915 2744 990 2806 quae
1010 2724 1090 2786 inter
1110 2726 1191 2787 adie-

122 2832 200 2893 ctiva
217 2822 377 2914 reppereris
395 2839 424 2891 et
443 2822 583 2915 νύμφιος
597 2829 697 2893 fuerit.
733 2830 862 2911 denique
879 2848 949 2892 vero
970 2829 1067 2909 potuit
1080 2829 1193 2909 Clytae-

123 2942 261 2997 mnestra
274 2934 520 3014 duodistinguere
532 2954 641 3014 genera
652 2952 757 2997 eorum
769 2935 957 3015 negotiorum
965 2932 1074 3013 quibus
1083 2948 1193 3010 paren·

124 3046 171 3100 tes
177 3038 209 3099 in
216 3037 347 3101 locandis
355 3037 422 3099 liliis
434 3038 641 3118 fungerentur,
658 3058 725 3101 cum
736 3034 913 3122 προτέλεια
923 3055 999 3116 quae
1011 3033 1193 3107 dicebantur,

124 3143 267 3222 quoniam
282 3148 332 3203 aut
346 3141 454 3203 lunoni
469 3150 520 3204 aut
534 3141 643 3204 llianae
657 3150 708 3204 aut
721 3142 820 3202 Parcis
836 3140 1037 3201 offerebantur
1046 3133 1116 3214 ¹³⁴),
1132 3155 1192 3197 non

124 3253 249 3326 possent
264 3262 327 3307 non
342 3253 424 3308 extra
446 3246 551 3307 domos
571 3247 603 3308 in
622 3244 741 3325 templis
768 3244 889 3305 dearum
915 3241 994 3316 sieri,
1022 3261 1098 3323 quae
1124 3259 1194 3302 vero

125 3368 201 3430 opus
216 3356 302 3410 erant
318 3356 415 3410 cetera
430 3349 511 3411 domi
530 3350 627 3428 parari
647 3367 768 3410 necesse
792 3355 871 3409 esset
892 3365 908 3406 a
929 3353 1032 3407 matre.
1066 3362 1195 3425 quorum

125 3453 157 3514 in
173 3470 299 3513 numero
314 3454 371 3515 boo
386 3460 458 3526 erat,
475 3461 507 3514 ut
521 3453 616 3515 facem
632 3452 797 3514 maritalem
818 3449 906 3531 patrii
928 3448 985 3509 loci
1006 3448 1125 3509 llamma
1145 3466 1195 3508 ao·

126 3574 246 3618 censam
267 3575 376 3638 pompa
392 3555 518 3636 nuptiali
544 3556 720 3618 transferret
739 3574 845 3617 recens
871 3551 978 3615 mariti.
1013 3549 1092 3631 quod
1125 3568 1195 3611 vero

197 3727 239 3793 ιθ’)
260 3729 296 3782 De
308 3732 418 3797 interpp.
432 3730 450 3782 1.
463 3730 490 3781 iu
501 3728 559 3778 Aul.
572 3726 601 3779 ll.
615 3743 672 3793 pag.
685 3729 709 3778 5.

197 3814 241 3883 ¹³³)
261 3815 300 3868 Ex
313 3817 394 3869 Noun.
407 3815 509 3869 XLVII.
522 3816 581 3866 464.
604 3807 724 3882 νὺμφιος
734 3804 818 3882 ὕμνος
831 3809 965 3877 (scriptum
974 3808 1060 3861 luerat
1069 3809 1195 3878 νυμφίος
1286 3870 1293 3883 .

128 3902 191 3959 citat
202 3900 347 3956 Lobeekins
360 3905 385 3953 ln
397 3902 492 3954 Parall.
505 3915 562 3966 pag.
577 3900 633 3951 355.
649 3900 705 3952 adn.
719 3901 762 3951 dl.

200 3992 242 4056 ¹³⁴)
261 3992 313 4043 vid.
327 3992 392 4042 Poll.
406 3990 493 4041 Onom.
507 3987 545 4038 lll.
561 4002 616 4050 pag.
630 3987 681 4037 264
690 4001 727 4051 sq.
952 4050 986 4104 7*
