2588 4522
527 265 761 324 -151-

107 433 170 495 aliis
186 434 386 513 grammaticis
395 441 561 514 grassatum
575 453 640 495 esse
654 434 780 496 vidimus
794 453 892 515 neque
904 435 1005 496 minus
1019 456 1067 499 eas
1080 444 1177 516 partes

108 536 186 616 quae
201 544 344 598 secuntur
358 536 572 598 addidamentis
595 537 659 599 suis
680 538 796 600 auxisse
817 538 1023 618 intellegemus
1044 541 1177 621 interpo-

107 641 235 702 latorem
252 640 321 701 hnio
336 660 456 722 quoque
470 641 534 702 loeo
551 661 656 723 operae
672 661 743 704 suae
757 642 839 720 sigua
855 642 1050 723 impressisse.

421 850 567 926 VERS.
600 851 700 926 1211
731 879 806 950 sqq.

196 1045 282 1106 LVll.
297 1082 339 1090 —-
354 1047 419 1107 Non
435 1055 481 1108 est
502 1048 670 1111 mirandum
692 1048 798 1128 opinor
818 1049 898 1128 quod
918 1048 949 1109 hi
963 1068 1073 1114 ,versus
1094 1051 1178 1112 valde

107 1149 222 1211 similes
238 1155 310 1211 sunt
326 1169 429 1212 eorum
446 1151 497 1231 qui
513 1159 585 1213 sunt
596 1152 702 1213 Alcest.
716 1151 778 1212 357
790 1171 865 1231 sqq,
881 1170 978 1232 neque
991 1155 1022 1215 in
1034 1173 1069 1215 eo
1081 1155 1178 1215 offen-

107 1253 244 1314 dendum
261 1261 307 1314 est
322 1253 401 1332 quod
415 1262 504 1334 poeta
519 1255 635 1316 videtur
656 1275 687 1316 se
708 1254 772 1334 ipse
788 1254 918 1316 imitatus
939 1275 1020 1328 esse,
1047 1257 1077 1318 id
1099 1259 1179 1338 quod

107 1357 194 1418 illum
210 1373 273 1416 nou
289 1355 377 1417 nimis
394 1357 507 1419 cavisse
522 1357 578 1419 alio
594 1340 715 1438 quoque
728 1359 816 1420 huius
832 1358 947 1421 fabulae
962 1361 1027 1421 loeo
1050 1379 1178 1422 mouen-

107 1462 184 1522 dum
202 1456 318 1535 est¹⁸¹b
349 1460 684 1540 immeritoigiturhuno
699 1463 796 1523 looum
812 1463 843 1523 in
854 1461 1055 1542 suspicionem
1067 1465 1181 1525 vocavit

107 1561 396 1640 Boeokbius¹⁸²),
411 1566 535 1627 mutavit
549 1573 579 1626 et
593 1565 739 1627 contraxit
754 1563 1064 1641 normannorum.

553 1773 597 1847 V.
629 1768 741 1848 1237.

196 1970 295 2031 LVlll.
311 2005 353 2015 -
369 1970 432 2031 Etsi
448 1989 509 2032 uon
532 1979 631 2052 aperte
653 1971 796 2051 obloquor
816 1970 1015 2032 Matthiaeo
1036 1979 1066 2032 et
1087 1973 1179 2033 Har-

109 2085 228 2153 tungo
244 2074 326 2135 hune
341 2093 461 2136 versum
478 2096 494 2136 e
509 2074 645 2155 genuinis
667 2074 882 2154 relegentibus,
904 2075 1045 2155 quoniam
1069 2082 1098 2136 et
1120 2093 1180 2135 uu-

109 2197 212 2241 meros
235 2178 326 2239 habet
347 2178 606 2258 neglegentissime
626 2179 720 2239 foetos
741 2186 771 2238 et
792 2177 854 2258 ipse
876 2197 996 2258 quoque
1017 2177 1042 2239 si
1063 2177 1182 2239 abesset

108 2301 175 2345 non
191 2281 418 2353 desideraretur,
433 2282 463 2342 id
479 2281 559 2362 quod
575 2301 642 2343 oum
658 2281 811 2361 Hartungo
828 2290 915 2343 teneo
930 2281 1098 2360 refragante
1114 2281 1181 2344 lieet

110 2387 295 2458 Hermanno,
310 2393 423 2458 tamen,
440 2385 463 2446 si
480 2386 600 2465 quidem
616 2404 714 2465 neque
726 2403 794 2446 vere
805 2385 928 2447 vitiosus
941 2391 986 2445 est
999 2403 1097 2465 neque
1109 2404 1180 2446 seu-

110 2489 239 2552 tentiam
254 2490 373 2569 praebet
388 2508 510 2569 prorsus
527 2489 760 2570 improbabilem,
778 2508 811 2550 ea
828 2488 937 2549 desunt
953 2487 1033 2548 unde
1047 2494 1180 2566 potestas

110 2596 145 2656 fia
162 2593 376 2674 qualiacunque
392 2593 547 2656 abiciendi.

550 2801 596 2875 V.
628 2799 742 2876 1240.

197 3000 271 3061 Llll.
293 3036 335 3044 -
359 3000 511 3081 Optimum
536 2999 605 3060 huie
631 2999 742 3072 versui,
769 3000 820 3079 qni
847 3005 1001 3078 suspectus
1027 2998 1109 3059 visus
1136 3007 1182 3060 est

109 3104 287 3176 Nauelrio,
303 3104 482 3184 praesidium
498 3111 618 3186 paratur
639 3124 654 3165 a
677 3103 842 3174 Klotzio,
863 3102 913 3182 qui
936 3101 1005 3162 illud
1031 3095 1073 3161 ἵν’
1098 3094 1181 3161 ἀλλὰ

108 3207 210 3272 τοῦτο
232 3199 434 3270 κατθανοῦσ’
458 3198 521 3283 ἔχω
545 3202 641 3268 σέθεν
664 3205 781 3267 monuit
797 3223 886 3285 quam
901 3204 998 3265 ieiune
1015 3203 1137 3275 dicatur,
1155 3202 1180 3263 si

109 3312 160 3375 eui
176 3312 275 3373 solum
291 3311 472 3372 adhibeatur.
507 3327 675 3390 quanquam
693 3307 767 3370 mibi
784 3307 903 3387 quidem
919 3307 1035 3369 videtur
1055 3324 1093 3367 ue
1108 3305 1180 3368 ferri

181 3535 563 3603 QffiMffimm

178 3626 226 3690 Ψ)
247 3624 291 3677 Gr.
304 3631 337 3675 tr.
351 3639 387 3692 pr.
403 3638 459 3690 pag.
472 3622 531 3673 257.

183 3711 224 3778 ¹⁸³)
243 3712 280 3763 De
293 3711 401 3776 interpp.
414 3708 432 3759 Ι,
446 3710 472 3761 in
487 3708 544 3760 Aul.
557 3709 586 3760 ll.
602 3725 658 3776 pag.
675 3711 712 3761 10.
728 3710 764 3759 sie
777 3709 883 3776 scripsit
895 3710 978 3760 llerm.

332 3796 356 3847 el
367 3794 419 3863 μὲν
430 3789 478 3848 τὸν
493 3794 607 3868 Ορφέως
618 3793 703 3863 εἶχον,
715 3789 737 3846 ὦ
750 3789 845 3867 πάτερ,
858 3790 951 3861 λόγον,

332 3884 442 3934 πείθειν
453 3874 585 3948 ἒπᾴδουσ’
601 3875 647 3938 οὓς
658 3873 809 3948 ἐβουλόμην
820 3874 920 3948 λόγοις,

331 3965 444 4020 ἐνταῦθ’
459 3961 599 4033 dodinae.
