2588 4522
542 286 754 348 ...75-

200 453 295 532 Igitur
310 453 338 514 hi
355 472 457 516 versus
473 464 506 516 ut
521 463 661 536 tanquam
679 460 856 520 necessitate
871 461 1045 540 praescripti
1069 462 1109 522 ita
1130 481 1182 541 ge·

108 557 200 619 uuini
215 564 298 630 sunt,
314 577 407 618 unum
424 559 448 618 si
464 559 589 638 excipias
604 561 712 633 locum,
728 561 760 620 in
775 580 834 641 quo
849 580 910 623 non
932 572 1030 642 potest
1050 583 1111 625 non
1136 565 1182 625 of-

108 660 222 721 fendis
243 660 414 739 simpliciter
429 662 510 721 enim
527 670 556 722 ct
571 670 639 742 apte
655 664 746 724 oratio
762 673 920 744 postquam
937 687 1031 746 usque
1054 668 1090 728 ad
1106 688 1181 730 vers.

111 763 186 824 535.
210 764 359 842 processit
381 763 479 824 subito
502 783 563 826 non
586 766 674 825 modo
697 766 808 828 tumida
832 787 864 828 ao
886 768 1010 829 verbosa
1031 770 1105 831 facta
1128 780 1181 843 θεῖ,

110 867 140 929 id
158 867 241 946 quod
256 866 402 945 patienter
416 867 494 927 ferre
510 867 694 940 deberemus,
712 869 764 929 sed
791 869 891 949 inepte
917 879 994 931 tacet
1020 892 1052 931 ea
1074 873 1182 950 quibus

110 987 176 1031 non
191 977 292 1048 potest
308 969 407 1030 careri.
440 970 480 1029 ita
497 970 576 1029 enim
593 970 784 1032 iudicandum
808 981 852 1032 est
867 973 903 1033 de
925 993 1012 1035 versu
1028 974 1108 1047 535„
1131 976 1181 1055 qui

105 1065 212 1151 'Argos
229 1072 405 1133 interituros
421 1073 555 1151 quamvis
572 1074 690 1152 copiose
706 1075 869 1149 describat,
885 1078 964 1137 nulla
985 1085 1086 1142 tamen
1101 1078 1181 1157 lphi-

110 1174 218 1254 geniae
244 1175 537 1255 Agamemnonisque
564 1177 748 1238 mentionem
775 1178 854 1239 facit.
889 1171 991 1263 αὐτήν
1013 1181 1094 1241 enim
1119 1182 1181 1242 sive

110 1271 209 1363 ἡμᾶς,
228 1279 306 1357 quod
324 1279 415 1338 voluit
430 1279 564 1341 llerma
575 1300 681 1352 nnus,
697 1282 722 1341 si
738 1282 773 1341 ad
789 1281 914 1342 verbum
935 1277 1182 1365 ξυναρπάσουσι

111 1381 342 1454 subaudiamus,
363 1382 451 1461 plane
470 1383 591 1443 ridicula
611 1384 661 1444 liat
683 1385 839 1444 hominum
861 1385 1074 1466 moeniumque
1095 1387 1182 1448 artis-

111 1486 188 1547 sima
205 1484 391 1557 coniunctio,
411 1485 537 1545 omnino
559 1493 657 1545 autem
680 1487 782 1547 dubito
804 1505 876 1546 num
897 1488 963 1566 quis
984 1489 1042 1549 hoc
1061 1489 1199 1569 quidem*

109 1589 192 1661 loc-o,
216 1606 284 1649 cum
306 1588 489 1648 accusativus
509 1588 707 1667 subsequatur
726 1589 798 1673 γῆν,
823 1590 1026 1651 subaudiendo
1055 1592 1180 1652 alterum

112 1691 316 1753 accusativum
333 1690 369 1750 de
384 1708 438 1750 suo
453 1689 568 1751 adiciat.
603 1709 693 1770 quare
708 1692 762 1752 hac
778 1692 898 1771 quidem
920 1693 952 1752 in
967 1712 1000 1753 re
1015 1694 1179 1755 laudandus
1243 1740 1245 1743 -

111 1804 157 1858 cst
170 1795 221 1875 qui
232 1795 269 1855 de
282 1793 343 1854 sola
358 1799 437 1853 terra
453 1792 584 1871 cogitans
600 1786 889 1876 dvopadoovoawq
907 1795 1043 1869 coniecit,
1059 1797 1179 1858 Marla-

111 1898 267 1967 landus,
290 1914 357 1957 eum
381 1895 461 1955 idem
482 1895 606 1956 acerbum
628 1890 843 1979 ξυναρπάζεῖν
864 1900 942 1960 intra
962 1900 1093 1978 quinque
1113 1919 1180 1960 rer-

112 2020 201 2063 suum
218 1999 351 2080 spatium
368 1998 478 2058 variata
494 1998 708 2076 significatione
723 1999 768 2060 bis
784 2001 841 2079 legi
856 2002 963 2061 merito
984 2001 1109 2062 miratus
1132 2001 1179 2062 sit.

111 2106 164 2167 sed
181 2103 253 2164 mibi
270 2101 399 2182 quidem,
417 2100 464 2161 cui
479 2100 647 2181 Iphigeniae
663 2102 847 2163 mentionem
868 2104 949 2164 nullo
972 2104 1061 2164 modo
1078 2104 1180 2166 deesse

109 2227 199 2288 posse
214 2223 390 2285 persuasum
409 2211 463 2272 est,
480 2203 621 2282 quoniam
637 2203 799 2265 Hermanni
815 2207 961 2267 rationem
971 2207 1055 2287 sequi
1067 2225 1129 2268 non
1145 2209 1180 2268 li-

110 2310 204 2370 citum
221 2306 349 2379 videtur,
364 2306 496 2367 tumidus
512 2306 569 2366 iste
583 2324 686 2366 versus
698 2325 732 2367 ao
744 2308 833 2368 verbo
849 2302 1065 2391 ξυναρπάζειν
1080 2311 1180 2390 inepte

110 2410 239 2491 repetito
255 2416 411 2488 suspectus
436 2427 556 2470 manum
579 2410 678 2489 prodit
699 2410 833 2471 eiusdem
854 2412 1071 2491 interpolatoris
1092 2432 1179 2492 quem

112 2521 142 2574 et
156 2530 278 2574 versum
300 2511 371 2572 464.
388 2513 581 2590 cognovimus
602 2519 631 2572 et
652 2512 763 2590 passim
784 2513 901 2591 saepius
924 2514 1180 2592 deprehendemus

112 2634 216 2676 rersus
232 2615 269 2674 de
285 2633 340 2674 suo
355 2614 537 2675 reficientem
554 2633 624 2675 casu
640 2615 766 2693 elapsos,
790 2634 805 2675 a
828 2625 993 2676 ceterarum
1016 2617 1180 2695 interpola-

110 2717 230 2778 tionum
251 2735 377 2778 numero
397 2716 460 2777 illas
484 2715 604 2797 quidem
626 2725 762 2778 accurate
789 2717 1019 2796 distinguendas,
1051 2728 1112 2779 tam
1133 2721 1181 2781 hic

110 2820 192 2881 enim
210 2838 297 2900 quam
315 2819 373 2879 illic
387 2819 568 2900 reliquisque
584 2838 659 2899 quos
676 2819 707 2879 in
723 2828 824 2882 mente
840 2822 934 2882 habeo
955 2823 986 2882 in
1001 2823 1073 2884 locis
1089 2843 1180 2903 pauca

110 2923 287 2985 exe-iderunt
302 2942 379 3003 quac
394 2923 468 3005 quin
484 2924 555 2983 olim
571 2923 719 2984 adfuerint
735 2923 770 2984 ab
786 2925 850 3004 ipso
866 2933 954 3005 poeta
969 2926 1077 3005 scripta
1093 2926 1180 2987 dubi-

109 3027 168 3088 tari
184 3045 247 3086 non
258 3033 364 3105 potest,
383 3026 501 3105 quando
514 3026 636 3106 quidem
649 3035 679 3088 ct
691 3027 733 3088 eis
746 3049 821 3109 quae
833 3032 996 3109 supersunt
1008 3035 1069 3086 arte
1081 3024 1180 3085 iuncta

108 3131 234 3192 fuerunt
249 3147 347 3211 neque
361 3129 429 3190 talia
447 3130 538 3191 luisse
554 3130 694 3192 videntur
710 3132 803 3211 qualia
825 3132 963 3192 secundis
987 3129 1066 3191 curis
1087 3128 1176 3187 relin-

110 3251 204 3313 quere
219 3231 390 3312 quicunque
404 3239 491 3311 poeta
508 3233 588 3295 credi
602 3234 706 3312 possit.

196 3334 284 3394 Hunc
300 3342 400 3395 autem
416 3334 514 3395 locum
531 3337 609 3415 quod
632 3336 736 3397 attinet
756 3335 886 3415 primum
906 3335 1022 3395 moenia
1046 3332 1179 3412 Cyclopia

110 3440 294 3517 Agamemno
311 3438 415 3498 dixerit
430 3437 543 3516 hrgivis
560 3439 684 3500 minime
700 3439 914 3519 impedimento
937 3441 1000 3498 fore
1017 3434 1178 3515 quominus

110 3550 194 3621 capta
207 3541 281 3602 urhe
293 3539 462 3621 Iphigeniae
473 3541 643 3620 potirentur
654 3551 737 3623 patre
750 3543 800 3623 qui
812 3561 877 3603 eam
890 3540 1073 3602 defendisset
1085 3538 1179 3599 inter·

109 3646 198 3706 fecto.
232 3643 339 3706 deinde
362 3653 462 3706 autem
484 3647 589 3725 opinor
610 3646 818 3707 concinnitatis
842 3664 928 3706 causa
957 3664 988 3704 ea
1011 3641 1181 3721 repetiverit

111 3766 187 3827 quac
200 3765 277 3807 vers.
291 3748 350 3806 511
364 3767 410 3827 sq.
425 3748 510 3816 dixit:
527 3767 592 3828 erpo
607 3751 800 3810 immolatione
816 3767 885 3829 opus
900 3759 949 3810 cst.
983 3749 1056 3809 haec
1067 3746 1178 3826 optime

185 3973 228 4037 ¹⁰¹)
248 3970 280 4023 cf.
293 3973 347 4024 llel.
361 3975 418 4027 751.
443 3975 518 4025 Phoe.
535 3975 607 4026 lore.
