2588 4522
332 1486 404 1563 DE
430 1487 659 1564 FABULAE
686 1485 950 1564 PROLOGO.

528 1679 611 1755 (vers.
627 1677 754 1740 c-mm

193 1837 215 1896 1.
235 1837 263 1897 V.
277 1837 306 1897 5.
333 1869 376 1877 —
390 1835 433 1895 Ite
444 1835 560 1914 prologi
571 1832 744 1895 condicione
756 1831 789 1892 in
798 1831 971 1892 universum
983 1833 1174 1912 potissimum

111 1938 315 2017 disputaturus
331 1936 409 2016 qnod
426 1957 442 1997 c
457 1936 598 2015 singulari
612 1935 741 2015 quodam
757 1951 845 1995 versu
861 1935 1000 1996 exordior
1015 1937 1063 1998 vel
1076 1937 1176 2018 potins
1218 1948 1221 1953 '

109 2040 250 2101 vocabulo
270 2039 443 2119 simpliciter
462 2038 634 2118 explicando
658 2037 758 2098 nescio
786 2038 1013 2100 inveniamini
1034 2058 1110 2120 opus
1129 2041 1177 2113 sit,

110 2143 193 2223 prius
210 2161 299 2222 quarn
316 2149 441 2202 tractare
456 2141 641 2221 propositum
657 2140 796 2221 incipiam
809 2161 825 2203 a
836 2141 990 2222 proposito
1005 2143 1176 2207 declinanti:

108 2245 160 2305 sed
174 2245 314 2324 quoniam
327 2254 356 2305 et
368 2244 477 2324 ubique
490 2264 629 2307 versuum
645 2245 782 2306 ordinem
794 2264 912 2308 servare
923 2264 1022 2327 neque
1034 2248 1071 2309 ab
1083 2249 1177 2310 inter-

108 2348 810 2428 pretationeautemendationeabstinerestatui‚
823 2349 907 2411 nolui
919 2351 1044 2413 nehanc
1056 2351 1176 2431 quidem

109 2454 346 2533 praetermittere
372 2453 555 2513 occasionem
577 2453 671 2513 iustae
692 2451 911 2532 interpretandi
937 2453 1063 2515 rationis
1090 2474 1177 2517 revo-

112 2558 230 2619 candae.

193 2661 298 2732 Media„
310 2669 396 2721 nocte
419 2661 509 2721 domo
529 2659 628 2739 egredi
649 2659 750 2720 iussus
766 2676 857 2720 senex
872 2657 1027 2720 confestim
1043 2678 1077 2721 sc
1092 2660 1178 2723 adfu-

109 2776 211 2826 turum
235 2784 298 2824 esse
320 2764 406 2835 dicit,
430 2764 508 2843 qnod
531 2782 569 2823 ne
592 2763 681 2823 nimis
704 2763 811 2823 mirum
835 2762 968 2823 videatur
993 2763 1178 2841 pernicitatis

111 2887 180 2929 suae
193 2867 272 2929 addit
284 2885 412 2935 causam,
424 2866 510 2946 plane
519 2867 684 2926 insomnem
694 2867 804 2929 scilicet
815 2867 872 2927 sibi
880 2873 1064 2927 senectutem
1075 2865 1177 2943 esse.¹)

628 2961 771 3031 σπεύδω.
1014 2974 1016 2979 ’

309 3064 400 3153 μάλα
421 3093 473 3136 τοι
496 3074 597 3157 γῆρας
618 3067 741 3153 τούμὸν
763 3064 888 3133 ἄυπνον

309 3175 366 3238 καὶ
387 3170 443 3238 ἐπ’
467 3169 664 3261 ὀφθαλμοῖς
686 3168 746 3252 ὀξὺ
768 3170 936 3257 πάρεστιν.

196 3279 288 3341 Verba
304 3281 426 3341 minime
442 3282 566 3342 obscura
583 3281 656 3342 adeo
668 3279 806 3340 omnihus
820 3277 997 3340 videbantur
1007 3278 1176 3351 obscurato,

9 3464 12 3469 Ι
111 3383 209 3444 cdiiito
225 3383 334 3444 scilicet
351 3382 492 3444 vocabulo
509 3375 575 3460 ὀξύ,
593 3391 626 3442 ut
641 3382 749 3442 mirum
766 3391 911 3460 qnantum
926 3381 1059 3462 undique
1075 3391 1176 3445 vexata

51 3564 54 3569 Ι
110 3486 180 3545 sint.
204 3485 280 3544 miro
295 3487 384 3547 modo
400 3506 432 3547 ea
449 3486 593 3546 contorsit
608 3486 634 3546 H
640 3503 858 3556 ermannus,
874 3485 958 3547 cuius
972 3487 1046 3548 hacc
1062 3496 1109 3549 est
1123 3507 1175 3549 ex·

112 3597 322 3606 ——-.--.-.-.-

182 3641 200 3704 ¹)
218 3641 297 3692 Nullo
307 3643 378 3691 motio
389 3642 528 3693 andiendus
538 3649 579 3692 est
589 3641 734 3700 Bromius,
746 3641 788 3691 cni
800 3641 952 3692 tarditatem
963 3657 1041 3692 senex
1052 3658 1175 3693 excusare

107 3727 181 3776 risus
192 3735 238 3777 est.
253 3727 317 3791 quod
328 3737 409 3778 nutem
422 3745 508 3780 vocem
519 3724 575 3791 ὀξύ,
588 3727 619 3778 de
630 3742 678 3793 qna
689 3734 743 3777 tom
752 3728 813 3777 hoec
825 3726 941 3792 quaestio
954 3734 1001 3790 est,
1014 3727 1174 3779 substantive

111 3813 136 3864 vi
149 3814 298 3863 instructam
312 3829 368 3864 esse
383 3816 473 3878 voluit,
488 3816 614 3867 refutatus
625 3822 665 3864 cst
675 3813 706 3863 nb
717 3813 903 3877 Hermanno,
918 3812 1051 3878 Leipziger
1061 3813 1173 3864 Littera·

110 3899 255 3962 turzcitnng
268 3915 290 3948 c.
307 3898 380 3950 1819.
395 3917 434 3949 no.
448 3901 505 3950 247.
518 3918 573 3966 ρης.
591 3903 663 3952 197⁴.
