2588 4522
219 420 276 483 lo.
365 419 381 450 *
868 423 883 454 *

630 525 645 557 *

218 627 296 689 KA.
319 617 399 704 ἀλλ’,
424 613 451 688 ὦ
472 621 590 706 τέκνον,
612 622 685 712 χρή·
709 621 907 713 φιλοπάτωρ
929 621 1015 692 δ’ἅεί
1035 620 1113 693 ποτ’
1136 621 1165 694 εἷ

320 722 464 809 μάλιστα
485 727 616 793 παίδων
636 720 715 816 τῷδ’
741 726 839 806 ὅσους
859 725 923 812 ἐγώ
946 724 1062 795 ἔτεκον.

490 904 636 980 uuas.
664 905 742 980 cao
772 933 848 1004 sqq.

217 1078 344 1143 XXXIII.
360 1118 399 1125 -
416 1082 536 1144 Troiam
552 1092 668 1163 patrem
684 1086 886 1163 profecturum
904 1103 1045 1145 essenon
1061 1087 1199 1149 nesciens

211 1184 282 1261 lenia
298 1204 386 1265 quam
402 1206 428 1245 v.
445 1186 517 1247 651.
533 1187 581 1248 ille
594 1187 765 1249 diuturnam
781 1187 854 1247 dixit
875 1187 1039 1249 absentiam
1061 1207 1122 1250 non
1145 1206 1199 1269 po-

209 1304 267 1356 uon
279 1288 315 1348 ad
330 1288 410 1350 illam
426 1290 646 1369 expeditionem
661 1290 789 1352 referre:
812 1309 902 1370 quare
919 1290 1027 1351 merito
1043 1293 1199 1354 mirandus

208 1396 296 1452 ‘ersus
312 1387 393 1464 652,
416 1412 475 1473 quo
491 1413 567 1473 quae
583 1401 666 1473 pater
686 1393 760 1454 dixit
779 1393 837 1453 filia
858 1403 945 1472 negat
967 1412 998 1454 se
1018 1395 1199 1474 Intellegere.
1272 1374 1274 1378 Ι

126 1519 193 1577 quo
207 1512 273 1554 cum
290 1495 364 1556 haec
378 1497 519 1557 accedant
539 1495 727 1574 gravissIma‚
749 1497 829 1576 quod
850 1515 919 1557 vere
943 1497 979 1556 de
999 1496 1127 1560 Troiana
1148 1516 1199 1558 ex-

126 1596 282 1679 peditione
297 1597 482 1677 Iphigeniam
498 1599 627 1678 cogitare
640 1599 808 1679 complures
821 1598 929 1660 docent
941 1618 1046 1660 eorum
1057 1619 1199 1661 versuum

128 1698 182 1781 qui
198 1700 277 1763 infra
292 1710 434 1763 secuntur
449 1710 478 1763 et
494 1702 573 1782 quod
589 1721 657 1763 cum
673 1720 762 1763 versu
779 1702 850 1763 652.
867 1702 913 1762 vel
929 1722 962 1764 ea
977 1711 1110 1782 pugnant
1125 1722 1200 1782 quae

105 1854 107 1859 .
126 1803 232 1866 statim
248 1805 409 1883 respondet
423 1805 622 1882 Agamemno,
647 1805 727 1866 nullo
749 1805 839 1866 modo
861 1805 933 1865 ferri
956 1813 1054 1884 potest
1073 1826 1100 1867 v.
1117 1805 1199 1877 652,

127 1927 228 1988 neque
243 1907 348 1968 ceteris
364 1906 472 1987 quibus
488 1908 620 1969 adfectus
638 1916 683 1968 est
697 1908 775 1969 vitiis
793 1927 868 1986 opus
885 1916 947 1968 erat
964 1917 997 1968 ut
1013 1908 1200 1986 gravissimas

127 2011 217 2073 uobis
233 2018 367 2072 moveret
382 2010 575 2090 suspiciones.
609 2011 724 2072 Tamen
737 2012 853 2081 sensui,
870 2019 1017 2090 quantum
1040 2010 1115 2082 scio,
1137 2026 1202 2072 me-

128 2115 229 2177 delam
245 2113 402 2176 adhibebat
416 2114 531 2194 prImus
547 2113 762 2194 Hartuugus
778 2133 866 2176 versu
882 2115 925 2175 sic
940 2114 1059 2193 scripto,

248 2204 309 2279 oria
331 2204 417 2278 olda·
441 2208 510 2301 φὴς
533 2212 569 2278 δὲ
591 2211 735 2300 φίλτατα
756 2205 830 2279 τάδ’
854 2211 936 2297 ἐμοὶ,
960 2208 1081 2300 πάτερ.

128 2320 184 2382 sed
199 2322 299 2400 lapsus
315 2328 361 2381 est
375 2320 482 2399 opinor
497 2340 531 2381 eo
547 2321 627 2400 quod
642 2320 762 2400 nuptias
777 2321 961 2401 IphigenIam
985 2319 1017 2380 in
1034 2328 1135 2380 mente
1150 2320 1205 2379 ha·

129 2424 202 2485 bere
219 2424 378 2485 arbitratus
389 2432 443 2497 est,
460 2424 592 2504 quamvis
605 2424 710 2485 eadem
723 2424 870 2485 sententia
883 2423 972 2484 fuerit
987 2422 1098 2484 Herm
1107 2422 1202 2483 anni.

129 2527 162 2588 in
178 2526 299 2588 Achillis
315 2533 415 2589 autem
431 2526 657 2589 matrimonium
671 2546 703 2588 se
719 2527 822 2587 datum
838 2526 875 2586 iri
891 2525 946 2587 etsi
959 2525 1082 2586 miuime
1099 2524 1200 2607 nescit,

130 2638 236 2691 tamen
250 2637 389 2710 parentes
403 2630 614 2711 relinquendos
631 2649 695 2690 esse
710 2629 773 2690 viro
786 2638 934 2708 nupturae
947 2628 1083 2689 nondum
1099 2645 1201 2688 secum

129 2732 291 2812 reputavit,
306 2732 336 2793 id
353 2734 432 2813 quod
448 2733 668 2795 accurahssime
684 2739 806 2812 apparet
827 2751 843 2792 e
864 2750 952 2793 versu
975 2731 1046 2791 670.
1068 2729 1201 2790 certissi-

131 2855 219 2898 mum
235 2836 325 2914 igitur
338 2834 410 2897 hinc
426 2856 544 2918 quoque
559 2843 603 2897 est
620 2836 700 2917 quod
715 2852 804 2915 supra
820 2834 889 2908 dixi,
906 2833 1065 2896 Troianam
1081 2832 1202 2912 expedi-

129 2941 247 3002 tionem
268 2939 304 2999 ab
324 2938 477 3018 Iphigenia
503 2939 632 3018 intellegi
657 2938 790 2999 debere·
813 2939 894 2999 unde
915 2937 1006 3000 etiam
1025 2936 1202 2998 Weilium

131 3061 247 3105 errasse
262 3050 393 3122 apparet,
410 3043 461 3122 qui
476 3042 550 3104 item
565 3043 676 3123 nuptiis
693 3043 787 3104 utitur
802 3044 839 3103 ad
850 3061 971 3104 versum
987 3039 1203 3120 explicandum,

131 3165 225 3227 quem
240 3145 283 3206 sic
297 3144 425 3225 scripsit,

223 3240 282 3310 οὐκ
305 3236 380 3310 οἶδά
401 3240 436 3311 θ’
460 3241 533 3310 ὅτι
555 3241 630 3333 φὴς,
653 3234 758 3325 acido,
783 3237 910 3330 φίλτατ’
936 3233 962 3306 ὦ
984 3234 1102 3326 πάτερ.

131 3351 283 3432 Iphige'm'e,
299 3351 414 3432 iuquit,
432 3353 489 3414 doit
508 3357 624 3433 t'gaorer
646 3351 731 3430 pedon
750 3359 818 3411 veut
839 3350 868 3410 lu
889 3353 1012 3421 moriem
1038 3345 1202 3426 dependunt,

134 3456 188 3517 elle
205 3459 261 3517 soit
275 3455 415 3518 tado-baec
431 3455 464 3517 de
480 3460 546 3536 quoi
557 3455 580 3517 il
594 3454 684 3534 s'ugt't.
718 3453 770 3514 elle
793 3453 833 3514 do
848 3454 935 3514 donc:
958 3451 1016 3524 „Jc
1030 3467 1066 3510 ce
1081 3452 1138 3509 soh
1149 3467 1204 3528 pus

134 3577 165 3621 ce
180 3577 232 3640 que
248 3565 371 3622 tu'oeuc
387 3559 460 3631 dire,
483 3569 510 3621 et
520 3558 553 3637 je
575 3559 600 3620 Ie
615 3561 697 3620 scis“
709 3553 770 3630 ¹²¹).
806 3563 939 3618 ceterum
958 3555 1032 3615 haec
1047 3551 1150 3615 nescio
1165 3568 1203 3612 an

201 3767 245 3831 ¹²¹)
264 3767 300 3818 ue
313 3765 411 3832 nuptiis
422 3763 568 3831 Iphigeniae
581 3766 701 3816 celandae
715 3781 778 3831 quae
791 3779 868 3815 causa
886 3761 964 3813 luerit
982 3779 1031 3813 non
1050 3761 1139 3822 video,
1157 3759 1202 3810 sed

130 3856 213 3907 calori
225 3870 268 3906 aas
280 3853 405 3906 Weilium
417 3853 545 3904 immerito
557 3853 681 3904 statuisse
693 3868 749 3902 cum
761 3866 794 3902 ex
803 3851 865 3902 aliis
873 3858 927 3901 tum
936 3849 1095 3902 exxersibus
1108 3847 1201 3898 624.-

133 3942 192 3994 626.
206 3942 312 4007 colligo,
325 3940 367 4007 qui
380 3955 465 3991 coram
477 3939 608 4006 iphigenia
620 3939 679 4006 quin
692 3939 756 3989 dicti
769 3937 822 3989 siut
834 3954 883 3988 uon
896 3943 981 4004 potest
992 3935 1111 3986 dubitari.
