2588 4522
536 287 728 347 ..3..⁴

99 467 130 519 et
145 478 181 519 eo
203 461 282 538 quod
301 460 379 538 apud
401 458 468 518 Hes.
486 458 663 519 hanchahes
679 458 815 534 glossam,
832 452 1021 537 ἄθραυστοι,
1039 452 1166 540 ἀπρόσ-

93 579 194 624 κοπα·
230 557 417 646 Εὐριπίδης
433 557 610 643 Ἰφιγενείᾳ
631 561 669 648 τῇ
693 559 728 622 ἓν
756 550 900 625 Altada:
924 578 1164 642 quorum-neque

93 667 152 727 hoc
166 665 342 728 vocabulum
358 684 457 746 neque
479 666 520 726 illi
535 684 639 726 versus
654 665 684 726 in
700 685 734 727 ea
758 665 898 744 leguntur
912 665 1066 745 Iphigenia
1080 664 1164 726 Auli·

93 770 181 831 densi
196 789 271 850 quae
287 771 317 831 in
332 769 443 831 nostris
458 769 566 831 tradita
583 778 628 831 est
643 769 735 831 libris.
768 770 824 830 etsi
838 769 927 848 igitur
950 769 1030 850 quod
1053 789 1088 830 ex
1103 769 1164 830 lle-

93 873 186 951 sychii
201 873 297 952 glossa
313 873 379 953 quis
394 881 494 934 sumat
509 880 718 951 argumentum
739 891 863 952 prorsus
885 873 995 934 nullius
1019 873 1164 934 momenti

96 985 152 1048 est,
170 976 311 1056 quoniam
327 986 378 1038 aut
393 977 569 1055 glossemate
585 977 683 1056 aliquo
699 977 755 1037 ista
775 977 878 1038 rocula
900 977 984 1039 facile
1003 996 1039 1038 ex
1058 985 1163 1057 poetae

94 1080 191 1141 verbis
206 1088 321 1142 remota
335 1100 400 1142 esse
415 1089 515 1160 potest
537 1088 587 1142 aut
606 1081 776 1141 innomine
796 1080 943 1142 laudando
966 1081 1027 1142 sive
1048 1080 1164 1142 fabulae

95 1184 157 1245 sive
172 1192 278 1263 poetae
293 1202 408 1246 errasse
423 1184 648 1262 grammaticum
663 1184 816 1262 probabile
831 1194 890 1257 est,
906 1184 1081 1263 praesertim
1096 1203 1164 1246 cum

96 1287 123 1347 ei
139 1287 278 1348 acciderit
293 1288 351 1348 hoc
366 1306 391 1347 v.
408 1281 695 1370 ἄπαρθένενναεὸ)
712 1306 788 1369 quae
799 1295 900 1348 tamen
912 1287 1099 1348 relincuntur
1114 1305 1162 1348 ar-

92 1399 234 1470 gumenta
256 1390 386 1453 firmiora
409 1391 551 1473 videntur
572 1412 661 1473 quam
682 1411 758 1473 quae
778 1390 814 1452 ah
838 1391 880 1452 eis
902 1391 952 1471 qui
975 1391 1049 1453 duas
1069 1390 1163 1452 fuisse

97 1493 265 1573 iphigenias
281 1495 454 1556 Aulidenses
470 1514 531 1557 non
554 1499 723 1559 concedunt
743 1496 897 1556 videantur
918 1495 1043 1557 refutari
1065 1513 1161 1574 posse.

93 1598 236 1659 nimirum
253 1618 328 1679 quae
344 1599 379 1660 ab
395 1599 515 1661 heliano
531 1601 669 1673 citantur,
686 1601 728 1661 eis
749 1617 812 1660 non
833 1600 967 1680 cogimur
987 1599 1024 1658 de
1047 1597 1162 1659 duabus

92 1700 201 1762 fabulis
217 1703 354 1781 cogitare,
370 1703 422 1763 sed
439 1702 514 1765 mira
533 1705 581 1765 illa
596 1705 793 1784 repugnantia
809 1703 1003 1775 scholiorum,
1024 1702 1049 1763 si
1064 1702 1162 1763 neutri

94 1804 246 1867 abiudicas
261 1808 487 1881 auctoritatem,
510 1808 595 1868 aliter
616 1808 678 1868 tolli
700 1825 762 1869 non
782 1814 894 1887 potest:
922 1807 1001 1867 unde
1022 1805 1054 1865 fit
1077 1814 1110 1866 ut
1129 1825 1163 1867 ex

92 1909 153 1970 hoc
167 1909 218 1988 qui
234 1909 308 1971 duas
323 1908 437 1972 fabulas
453 1911 544 1972 fuisse
560 1910 685 1990 colligit,
707 1911 820 1990 optimo
843 1910 871 1971 ei
889 1910 921 1971 in
942 1908 997 1971 hae
1012 1908 1163 1970 sententia

94 2011 250 2091 probanda
265 2011 400 2086 subsidio
416 2014 455 2075 sit
469 2014 550 2075 illud.

179 2150 240 2217 Hac
254 2155 370 2215 ratione
386 2153 499 2232 primus
515 2150 722 2230 ususfvidetur
736 2151 991 2231 Boeokhiusl).
1015 2152 1066 2233 qui
1083 2152 1162 2213 enim

93 2262 164 2315 ante
180 2274 250 2317 eum
266 2256 302 2317 de
317 2256 406 2319 huius
422 2257 539 2318 fabulae
553 2257 622 2319 fatis
643 2276 677 2318 ao
692 2256 867 2318 condicione
884 2256 1087 2336 quaesierunt,
1111 2273 1162 2316 eos

93 2358 152 2418 hoc
167 2359 287 2439 quidem
303 2360 368 2421 loco
389 2358 466 2440 fugit
487 2360 558 2440 quid
580 2360 617 2421 de
639 2368 852 2441 temporeque
873 2369 936 2422 acta
956 2359 995 2421 sit
1015 2358 1164 2440 tragoedia

94 2461 199 2523 doceat
214 2481 270 2524 nos
287 2471 317 2524 et
331 2463 412 2525 locus
428 2464 475 2525 ille
490 2464 542 2546 qui
557 2472 602 2525 est
614 2463 685 2525 Ran.
699 2482 775 2525 vers.
788 2463 850 2525 868
863 2483 907 2544 sq.
921 2473 950 2524 et
959 2462 1163 2542 Aristophanis

23 2618 27 2626 ,
92 2565 252 2627 scholiasta
268 2567 408 2647 quidque,
424 2566 498 2629 haee
513 2586 580 2628 cum
594 2568 686 2628 altero
703 2567 813 2628 scholio
826 2567 851 2626 si
863 2572 1085 2646 comparantur,
1101 2565 1163 2627 col-

92 2669 144 2748 ligi
165 2670 262 2749 possit
283 2672 318 2732 de
340 2669 456 2732 duahus
481 2670 587 2733 fabulis
615 2671 747 2731 eiusdem
773 2671 950 2750 argumenti.
994 2689 1086 2751 quare
1112 2669 1164 2751 qui

94 2772 213 2853 primus
229 2792 331 2836 uersus
346 2775 387 2836 illi
402 2774 438 2836 ah
455 2775 576 2836 Aeliano
593 2794 628 2836 ex
643 2773 791 2854 Euripidis
807 2773 957 2854 Iphigenia
980 2774 1062 2836 citati
1082 2793 1158 2855 quo-

94 2877 185 2939 modo
202 2896 269 2939 oum
285 2887 385 2941 nostra
400 2877 501 2940 iahula
516 2877 657 2958 coniungi
678 2877 795 2957 possint
817 2876 972 2958 quaesivit,
995 2875 1160 2957 Musgra-

92 2981 191 3055 vius‚
206 3001 274 3044 cum
289 2983 319 3044 in
335 3002 369 3044 eo
386 2983 557 3044 offendisset
571 2982 651 3063 quod
667 3000 748 3043 nunc
760 2982 915 3043 exordium
930 2982 1098 3061 anapaestis
1113 2982 1160 3041 in-

93 3089 184 3169 cipiat
192 3085 225 3161 ⁷),
243 3086 339 3169 aliquo
357 3105 424 3149 eum
439 3087 504 3147 iure
520 3086 639 3166 quidem
656 3086 714 3147 hoc
729 3085 871 3159 coniecit,
886 3103 990 3148 verum
1005 3085 1161 3164 prologum

92 3192 296 3264 intercidisse,
316 3192 348 3253 in
369 3208 428 3270 quo
450 3198 479 3253 et
500 3190 573 3252 haec
595 3190 632 3251 de
652 3190 849 3269 supponenda
879 3206 963 3250 cerva
984 3187 1161 3268 praedixerit

93 3437 303 3447 m———n-

162 3589 182 3654 ¹⁵)
200 3548 410 3659 Ἀναρθένεντα·
443 3583 474 3656 οὐ
493 3587 637 3655 πρέποντα
659 3587 817 3658 παρθένοις.
844 3582 991 3653 Σοφοκλῆς
1021 3579 1160 3651 Ἰφιγενείᾳ

90 3677 122 3748 τῇ
137 3674 168 3729 ἐν
179 3671 286 3728 Alata.
314 3685 342 3727 at
353 3675 449 3739 Eurip.
464 3673 513 3738 lph.
528 3675 558 3725 Α.
572 3674 631 3727 993.
659 3670 850 3740 ἀπαρθένευτα
862 3668 913 3738 μὲν
926 3661 983 3720 τάδ’
995 3671 1049 3720 κτλ.

161 3779 182 3845 ⁶)
201 3781 221 3833 1.
232 3780 250 3831 l.
264 3794 319 3844 cap.
331 3778 410 3831 XVll.
424 3793 480 3844 pag.
494 3777 544 3830 214
556 3792 608 3844 sqq.

163 3883 181 3950 ²)
201 3884 289 3950 Eurip.
302 3892 384 3950 tragg.
398 3891 446 3934 cte.
461 3898 494 3934 ex
506 3882 564 3933 odit.
577 3882 678 3931 Barnos-
688 3877 729 3930 lll.
741 3880 835 3930 contin.
846 3879 976 3944 Musgrav.
987 3883 1038 3927 not.
1049 3883 1097 3926 ete.
1108 3889 1160 3924 eur.

94 3974 167 4025 Beck.
199 3972 267 4035 Lips.
282 3988 303 4021 a.
320 3972 393 4023 1788.
406 3987 462 4035 pag.
476 3970 533 4018 273.

865 3994 947 4083 ,μ
