2588 4522
555 265 768 355 fw-

96 442 229 516 tremos
246 434 439 496 duosversus
464 435 586 507 attinet,
613 435 663 496 ubi
691 435 938 509 Hermannus,
965 446 998 497 ut
1024 444 1053 498 et
1080 440 1183 499 sensui

111 535 298 610 subveniret,
315 556 404 616 quem
421 555 483 598 non
499 546 579 599 recte
595 538 776 613 intellexisse
792 559 859 600 eum
876 548 1008 619 apparet,
1031 548 1060 601 et
1075 559 1183 601 nume·

108 657 162 701 ros
177 640 398 720 antisystemati
413 643 492 721 quod
508 648 649 722 putarunt
664 651 848 722 exaequaret,
865 643 1054 703 scribendum
1070 644 1185 722 putavit

318 758 395 824 etot
415 780 467 823 τοι
488 758 668 846 κρείσσους,
692 755 751 824 oi'c'
775 755 955 846 ὀλβοφόροι

319 863 388 938 τοῖς
400 856 580 945 εὐδαίμοσι,

316 966 388 1040 τοῖς
409 961 439 1030 d’
464 955 522 1030 οὐκ
544 961 716 1048 εόόοίμοσι
737 967 878 1046 θνατῶν,

112 1087 246 1168 apertior
271 1096 302 1150 et
328 1089 494 1151 distinctior
520 1089 668 1150 sententia
699 1089 816 1151 ridetur
847 1090 1024 1169 tragicisque
1050 1091 1185 1153 usitatior

112 1211 205 1272 quam
222 1211 298 1272 quae
312 1193 371 1254 boc
386 1193 450 1254 loco
466 1193 612 1254 removeri
634 1192 736 1272 possit.
772 1211 829 1254 una
850 1193 943 1254 videri
966 1193 1059 1273 possit
1079 1214 1183 1274 super-

112 1313 179 1356 esse
202 1295 370 1368 excusatio,
391 1295 485 1357 ironia
508 1295 679 1374 Euripidem
701 1314 789 1355 usum
811 1314 875 1355 esse
895 1313 949 1375 per
976 1303 1074 1356 totum
1103 1299 1184 1359 hunc

111 1399 224 1459 locum.
261 1405 290 1459 et
305 1399 437 1478 profecto
455 1400 505 1478 qui
520 1398 670 1477 Euripidis
686 1417 799 1460 morem
818 1400 968 1478 cognitum
985 1399 1074 1460 habet
1089 1401 1184 1461 ambi-

112 1519 170 1580 gua
186 1501 276 1561 verba
292 1503 496 1582 expectaverit.
531 1509 561 1562 at
575 1501 640 1562 talis
656 1501 775 1581 quidem
793 1501 889 1563 ironia
910 1502 1029 1562 humilis
1052 1511 1130 1563 esset
1151 1523 1184 1564 ac

113 1603 236 1665 sordida
252 1604 434 1685 minimeque
450 1605 476 1665 ei
491 1604 686 1684 comparanda
708 1623 795 1683 quam
816 1605 964 1684 praeclare
984 1625 1055 1684 prae
1078 1607 1183 1667 ceteris

112 1706 232 1786 tragicis
247 1724 337 1786 saepe
353 1707 508 1787 Euripides
524 1707 659 1769 adhibuit
675 1707 831 1768 sublimem
849 1716 878 1768 et
893 1726 1026 1785 gravem,
1046 1715 1080 1769 ut
1095 1709 1183 1769 huius

113 1811 285 1890 tragoediae
306 1829 384 1872 vers.
403 1810 591 1872 otu-677.
607 1810 779 1882 identidem,
796 1810 872 1891 bled.
892 1811 971 1870 1015
993 1812 1047 1890 'sq.,
1063 1811 1094 1871 in
1115 1811 1183 1871 Ele-

113 1922 195 1976 ctrae
206 1914 257 1975 illo
269 1915 334 1975 loco
347 1913 441 1975 nostri
454 1913 541 1974 simili
554 1931 628 1974 vers.
645 1911 706 1973 996
720 1932 774 1992 sq,
791 1913 826 1973 al.
839 1912 931 1972 immo
945 1914 1067 1973 omnino
1081 1933 1185 1975 vereor

112 2024 147 2078 ut
162 2024 365 2097 spectatorum
383 2017 541 2097 quisquam
561 2015 673 2076 ironice
694 2015 861 2096 accipienda
883 2034 949 2076 esse
970 2002 1045 2097 quae
1068 2018 1176 2079 chorus

114 2119 288 2182 decantaret
304 2121 414 2182 sentire
430 2120 570 2200 potuerit.

202 2261 377 2340 Quanquam
393 2259 483 2338 igitur
499 2277 597 2339 neque
617 2258 648 2318 in
669 2276 756 2318 versu
778 2257 963 2338 paroemiaco
987 2257 1074 2333 592„
1096 2278 1185 2339 quern

114 2363 265 2425 indicante
285 2363 456 2425 diaereseos
475 2364 592 2424 delectu
618 2361 776 2423 llotbius
799 2369 828 2421 et
851 2361 1085 2422 Hermannus
1104 2369 1185 2422 recto

114 2450 329 2540 restituerunt,
361 2467 480 2527 offendo
504 2485 572 2527 cum
591 2465 624 2526 G.
646 2465 861 2537 Dindorfio,
884 2465 934 2544 qui
956 2465 1044 2525 talem
1067 2484 1185 2525 versum

114 2568 253 2630 hocloco
275 2568 346 2630 ferri
371 2589 459 2649 posse
485 2568 617 2648 negavit,
645 2586 740 2646 neque
768 2588 836 2629 cum
862 2569 968 2628 eodem
994 2567 1185 2644 grammatico

116 2672 196 2749 iusto
212 2671 306 2751 magis
322 2672 451 2733 admiror
466 2671 598 2732 vocabuli
615 2661 796 2753 ὀλβοφόροι
817 2670 1075 2748 significationem,
1097 2690 1186 2750 quam

116 2775 277 2837 notissimo
293 2775 342 2836 illo
358 2766 583 2860 μισθοφόρος,
606 2793 667 2834 non
688 2793 759 2834 voce
781 2765 974 2857 όθλοφόρος
995 2782 1045 2834 aut
1066 2774 1186 2836 Medeae

116 2880 167 2940 illo
183 2871 380 2963 τελεσφόρος
402 2873 532 2940 παίδων
555 2860 636 2961 ἔρως
658 2899 684 2939 v.
702 2879 784 2949 714,
805 2876 876 2938 satis
898 2878 1016 2938 delendi
1039 2878 1186 2949 existim0,

117 3001 219 3062 neque
235 2984 364 3044 eundem
379 2982 565 3043 Dindorlium
582 2991 701 3043 secutus
721 2982 754 3044 in
774 2982 975 3061 suspicionem
995 3001 1067 3042 voco
1088 2968 1188 3062 εὐμή-

116 3104 185 3159 κεις
207 3077 314 3164 τόχοις,
339 3105 355 3145 a
374 3086 541 3161 Porsono
566 3086 628 3146 illas
652 3085 772 3165 quidem
795 3082 981 3162 Empedoclis
1003 3084 1100 3163 aliquo
1123 3084 1187 3165 loco

120 3190 253 3251 firmatas
271 3191 329 3269 (ap.
345 3189 435 3251 Clem.
451 3190 494 3249 ΑΙ.
512 3195 563 3249 str.
579 3189 625 3249 lv.
639 3189 666 3247 4.
689 3186 735 3247 13.
753 3206 797 3265 ap.
813 3186 891 3246 Plut.
909 3186 973 3245 exil.
991 3205 1014 3245 s.
1031 3187 1064 3262 f.)

277 3302 313 3380 ἐξ
335 3313 407 3393 οἵης
428 3309 525 3391 τιμῆς
547 3302 659 3369 τεκαὶ
682 3302 752 3368 οἵου
773 3297 895 3391 μήκεος
917 3298 1027 3385 όλβοο,

120 3427 169 3490 cui
183 3427 280 3507 dntig.
296 3446 371 3490 vers.
389 3428 451 3490 392
467 3447 510 3508 sq.
527 3428 640 3488 addidit
655 3427 835 3488 Klotzius:
852 3426 909 3486 hoc
924 3432 1023 3486 tamen
1038 3424 1188 3486 Dindorlio

120 3531 261 3594 lubenter
276 3531 448 3604 concedam,
472 3540 507 3591 ut
527 3529 563 3593 ab
585 3530 642 3590 ista
663 3529 778 3591 inscitia
801 3528 1025 3607 sententiaeque
1046 3527 1189 3606 pravitate

121 3632 293 3713 Euripidem
310 3632 454 3695 liberem.>
478 3640 507 3694 et
522 3633 607 3694 liceat
629 3633 754 3694 forsitan
775 3634 832 3693 hoc
852 3632 982 3703 adlerre,
1006 3648 1094 3709 quam
1116 3629 1190 3691 miro

122 3736 293 3817 Iphigeniae
310 3744 339 3796 et
354 3736 606 3816 Clytaemnestrae
621 3735 741 3796 nomina
756 3734 913 3795 coniuncta
929 3734 1004 3805 sint,
1025 3733 1108 3812 quasi
1129 3750 1190 3793 non
1254 3744 1257 3751 ·

124 3838 182 3900 lilia
197 3845 353 3918 materque
368 3838 419 3898 sed
432 3837 542 3898 amicae
554 3840 691 3917 aequales
707 3843 817 3914 essent,
833 3855 962 3916 quocum
979 3838 1033 3897 boc
1045 3837 1190 3914 congruit,

124 3942 204 4022 quod
219 3943 280 4003 alto
296 3943 360 4003 loco
384 3947 449 4002 orta
471 3958 607 4018 magnam
629 3941 798 4003 felicitatem
820 3939 958 4001 adsecuta
978 3960 1042 4001 esse
1065 3947 1190 4015 utraque
