2588 4522
541 294 755 358 ..83-

106 466 248 528 rideatur
262 463 378 544 priores
394 472 576 544 anapaestos,
592 465 700 544 quibus
716 466 824 528 alteros
839 466 941 527 multis
953 465 1039 527 anuis
1051 474 1118 546 post
1129 467 1182 527 ad-

107 569 176 631 fixit
191 570 248 630 iste
264 568 481 647 grammaticus.
514 588 604 648 quem
620 587 790 649 quanquam
810 588 965 649 uunquam
981 569 1181 631 demonstrari

108 673 235 752 poterit,
248 656 315 751 apte
328 679 439 746 tamen,
451 673 591 752 quoniam
606 690 660 752 per
670 679 765 733 totam
778 672 909 734 tabulam
921 673 978 734 loci
990 673 1183 734 inveniuntur

107 775 205 837 simili
223 775 342 836 ratione
363 776 398 836 ab
421 775 632 854 interpolatore
652 775 761 848 vexati,
783 776 929 837 conicitur
949 776 980 836 in
1001 783 1064 836 tota
1083 775 1181 836 fabula

109 879 245 960 quodam
259 877 350 939 modo
365 878 569 958 amplificanda
585 879 721 940 similiter
740 885 888 939 versatum
912 897 985 947 esse.
1019 879 1109 938 homo
1125 878 1182 952 fuit

110 983 185 1044 satis
200 983 317 1056 doctus,
333 982 472 1044 metricae
488 983 558 1044 artis
574 981 698 1043 minime
714 981 885 1060 imperitus,
901 981 953 1041 sed
968 981 1181 1068 tamacumine

108 1086 223 1165 ingenii
239 1104 331 1168 quam
346 1086 458 1166 poetica
475 1086 612 1147 facultate
627 1103 750 1164 prorsus
772 1085 866 1145 caruit
885 1101 984 1164 neque
1005 1102 1181 1145 communes

109 1190 248 1252 omnium
263 1189 441 1266 tragicorum
458 1189 691 1251 consuetudines
708 1196 757 1250 aut
773 1195 851 1249 recte
864 1188 1006 1268 loquendi
1017 1189 1097 1268 leges
1109 1189 1180 1250 satis

110 1293 245 1373 cognitas
259 1291 375 1363 babuit,
390 1311 448 1373 qua
463 1293 494 1354 in
508 1311 542 1354 re
556 1294 593 1354 ab
608 1293 666 1354 isto
682 1292 803 1354 homine
825 1293 955 1354 immane
975 1298 1118 1372 quantum
1135 1292 1182 1352 di·

109 1404 191 1460 stare
206 1415 331 1458 necesse
352 1404 399 1457 est
418 1396 514 1458 bonae
535 1397 638 1459 aetatis
660 1397 797 1458 homines
820 1405 908 1478 atque
931 1395 1102 1475 Euripidem
1122 1395 1180 1456 mi-

110 1519 230 1562 norem.

437 1619 584 1700 VERS.
612 1616 847 1699 cut-639.

195 1818 308 1879 Versus
324 1814 522 1890 oon-630„
536 1824 640 1896 utpote
661 1836 736 1897 quos
757 1818 863 1879 veteris
882 1816 1102 1898 interpolatoris
1123 1835 1180 1896 pu-

108 1929 197 1996 taret,
214 1919 339 1982 seclusit
354 1919 387 1980 G.
404 1919 638 1993 Dindorlius‚
661 1921 711 1999 qui
725 1921 805 1983 idem
827 1922 975 1982 damnavit
994 1938 1097 1982 versus
1119 1919 1179 1981 631

111 2047 155 2109 sq.
173 2021 366 2086 sau-639.
384 2031 503 2086 secutus
521 2032 566 2086 est
581 2024 783 2098 Nauckius‚
798 2026 850 2087 sed
867 2025 1012 2103 genuinos
1034 2024 1137 2086 habuit
1152 2032 1183 2085 et

109 2148 214 2192 versus
232 2126 420 2189 out-618.
438 2134 467 2188 et
481 2147 583 2189 versus
600 2127 661 2190 638
677 2148 721 2209 sq.
738 2147 841 2190 versus
863 2127 1051 2189 619.-637.
1076 2146 1181 2189 omnes

111 2230 552 2295 damnavitllircbholfius.
583 2240 752 2293 ceterorum
775 2231 946 2293 criticorum
968 2230 1103 2311 plerique
1128 2251 1181 2291 ex-

110 2336 204 2416 ceptis
219 2333 454 2396 Firuhabero
470 2342 499 2395 et
515 2334 673 2406 Klotzio,
691 2336 742 2416 qui
757 2353 818 2396 nou
829 2334 889 2397 nisi
903 2336 935 2397 in
946 2336 1044 2397 verbis
1056 2334 1182 2415 quibus-

111 2440 181 2502 dam
212 2437 384 2508 offendunt,
414 2437 653 2499 Matthiaeum
684 2439 715 2499 L.
738 2440 977 2500 Dindorfium
1007 2438 1181 2498 Bothium

109 2542 362 2604 Hermannum
389 2541 622 2621 Hartuugum
649 2542 821 2603 Weilium
854 2543 935 2616 dico,
966 2542 1181 2603 Porsonum

110 2645 209 2708 secuti
224 2651 309 2718 sunt,
327 2642 377 2722 qui
392 2662 495 2705 versus
518 2642 587 2704 630.
606 2652 635 2704 et
651 2644 722 2705 631.
745 2646 888 2706 disiunxit
908 2645 1092 2725 interpositis
1112 2664 1181 2707 ver-

109 2749 194 2812 sibus
210 2746 272 2810 633
285 2765 340 2827 sq.‚
354 2765 460 2807 versus
475 2746 663 2809 635.-637.
679 2749 800 2821 delevit,
816 2769 918 2811 versus
935 2749 996 2811 638
1013 2769 1068 2830 sq.‚
1085 2749 1183 2829 quiin

107 2852 193 2915 libris
210 2856 282 2912 sunt
296 2850 536 2928 Agamemnonis,
553 2851 656 2912 tribuit
672 2852 934 2933 Clytaemnestrae.
968 2854 1026 2914 hoc
1046 2853 1126 2915 idem
1150 2852 1182 2914 in

110 2954 344 3017 mentemucnit
360 2954 520 3027 Bremia,
536 2953 586 3033 qui
602 2956 639 3016 de
655 2956 762 3019 ceteris
774 2957 844 3037 quid
857 2957 986 3018 senserit
996 2975 1101 3036 parum
1112 2974 1182 3036 per-

111 3060 250 3139 spicuum
268 3065 328 3131 est,
350 3077 418 3120 cum
439 3058 615 3139 plerumque
636 3060 707 3122 satis
729 3060 865 3122 habuerit
890 3060 1090 3122 dubitationes
1115 3077 1183 3120 mo-

110 3162 200 3225 visse.
234 3163 292 3222 hoc
306 3169 434 3235 constat,
449 3162 594 3223 delevisse
614 3182 683 3223 eum
704 3182 823 3224 versum
847 3161 919 3222 637.
941 3170 971 3223 et
992 3163 1183 3224 continuasse

111 3283 217 3327 versus
233 3263 288 3326 631
317 3283 361 3345 sq.
383 3271 413 3325 et
440 3264 501 3326 638
528 3284 572 3345 sq.
612 3274 766 3345 praeterea
793 3283 911 3327 versum
938 3265 1009 3327 630.
1038 3264 1185 3327 damnavit

112 3368 329 3440 Pomanus,
354 3386 458 3428 versus
485 3367 674 3430 unu-mo.
715 3369 955 3442 Matthiaeus‚
980 3387 1069 3448 quem
1092 3368 1186 3429 secuti

113 3478 185 3533 sunt
199 3454 234 3532 L.
250 3469 473 3532 Dindorfius
489 3478 519 3533 et
534 3472 700 3534 Bothius.
735 3493 789 3552 ego
805 3473 875 3553 quid
891 3471 1018 3534 sentiam
1040 3472 1118 3532 infra
1139 3471 1185 3533 di-

114 3592 179 3635 cam
195 3572 231 3633 ad
248 3590 323 3634 vers.
341 3573 403 3634 627
420 3593 494 3654 sqq„
510 3574 561 3636 ubi
576 3575 708 3655 primum
735 3577 853 3638 offendi.
889 3594 957 3636 nam
979 3581 1066 3636 antea
1086 3593 1185 3654 neque

114 3677 179 3757 ipse
193 3676 293 3738 inveni
308 3694 405 3757 neque
420 3678 591 3739 Dindorllus
612 3679 742 3759 suspecti
765 3680 924 3759 quicquam
947 3678 1046 3739 attulit
1067 3677 1103 3738 de
1126 3697 1185 3758 quo

115 3797 201 3859 agere
222 3778 346 3858 possim.
378 3780 450 3842 illud
471 3781 550 3843 enim
573 3777 710 3864 πωλικῷ
736 3777 851 3861 δαμεὶς
877 3773 952 3863 ὄχῳ,
976 3780 1056 3861 quod
1084 3787 1129 3841 est
1154 3780 1186 3840 in

116 3872 204 3947 versu
220 3881 305 3957 623„
329 3891 444 3945 tantum
468 3884 552 3946 abest
572 3890 606 3945 ut
628 3885 771 3946 miserum
792 3883 1011 3964 interpolatoris
1032 3884 1187 3945 inventum

117 3994 221 4065 putem
235 3995 271 4047 ut
284 3986 398 4067 optimo
414 3995 502 4066 poeta
517 3987 640 4066 dignum
655 3987 788 4049 habeam.
940 4072 974 4121 6*
