2588 4522
469 255 758 316 «73-

111 424 197 486 enim
213 424 368 486 Menelaus
385 423 572 487 Calchantem
588 425 827 488 interficiendum
842 427 915 489 mihi
937 428 1055 508 quidem
1071 428 1188 491 videtur

109 534 176 589 tam
197 535 265 608 apte
291 545 461 608 proponere
482 535 532 600 ut,
552 528 642 589 unius
665 529 753 590 huius
773 549 877 591 versus
903 531 929 591 si
956 532 1031 592 ratio
1051 532 1188 595 habenda

109 638 203 702 esset,
220 631 301 711 quod
317 630 384 692 libri
404 631 550 711 praebent
571 623 660 716 θάνῃ
681 632 722 692 illi
745 633 824 712 quod
848 633 1040 698 dermannus
1061 636 1188 698 coniecit

110 731 199 818 σανῇ
212 750 393 812 magnopere
407 733 600 812 praeferrem.
635 753 694 814 quo
717 735 829 796 accedit
849 737 929 815 quod
953 756 986 798 ea
1007 757 1084 819 quae
1105 740 1187 801 addit

109 835 275 908 blenelaus,
290 835 387 898 τοῦτο
409 828 438 897 δ’
462 828 607 917 εὐμαρές,
631 839 725 899 multo
751 838 819 918 plus
840 838 952 901 habent
975 841 1117 920 ponderis
1137 841 1185 902 in·

109 940 282 1003 terliciendi
297 939 375 1019 magi
391 958 480 1020 quam
496 939 636 1001 adulandi
652 940 775 1023 consilio
797 941 921 1003 adiecta.
954 943 1061 1005 deinde
1084 952 1185 1006 autem

109 1045 172 1107 hoc
187 1043 290 1105 nescio
306 1061 346 1104 an
361 1051 477 1105 moveat
492 1042 704 1122 suspicionem,
720 1043 799 1123 quod
815 1063 918 1106 versus
935 1045 1005 1107 520.
1022 1053 1084 1107 tam
1099 1066 1187 1108 roca-

110 1146 220 1209 bulum
235 1141 367 1227 σπέρμα
381 1164 444 1207 non
459 1147 499 1207 ita
513 1146 656 1207 usitatum
672 1146 771 1220 habet,
786 1149 866 1226 quod
878 1147 958 1209 idem
969 1150 1098 1211 recurrit
1108 1169 1184 1213 vers.

110 1248 198 1320 524,
219 1249 318 1310 verbis
339 1257 441 1310 autem
459 1243 633 1334 φιλότιμον
652 1240 751 1311 κακόν
772 1249 913 1312 admonet
940 1253 977 1312 de
1002 1271 1089 1315 versu
1112 1254 1184 1315 527.

111 1346 311 1438 (φιλοτιμίᾳ,
335 1347 433 1435 δεινῷ
454 1350 569 1434 κακῷ),
586 1371 674 1432 quam
692 1353 797 1415 eadem
819 1355 957 1434 perhibet
972 1356 1009 1417 de
1025 1357 1185 1419 Calchante

110 1456 290 1537 ratibusque
305 1473 381 1534 quae
395 1474 422 1514 v.
437 1453 508 1514 527.
526 1454 562 1517 de
577 1455 661 1518 Ulixe
677 1457 823 1519 dicuntur.
858 1477 1030 1539 quanquam
1044 1460 1102 1521 hoo
1117 1461 1185 1540 qui-

110 1560 182 1621 dem
198 1558 323 1619 minime
339 1576 458 1618 mecum
473 1575 536 1617 non
550 1566 658 1638 reputo
675 1576 737 1619 non
759 1560 825 1621 dico
847 1563 983 1622 consulto
1004 1563 1057 1624 sed
1079 1581 1185 1625 neces·

110 1663 191 1725 sario
207 1661 320 1722 lac-tum
336 1655 401 1721 esse
416 1677 514 1740 posse.

198 1763 263 1824 Nec
276 1770 379 1825 tamen
394 1762 609 1824 offendendum
625 1772 672 1825 est
693 1763 726 1825 in
747 1783 836 1827 versu
857 1766 940 1841 521,
958 1768 1051 1847 ‘quem
1077 1767 1184 1829 incon·

110 1869 190 1930 sulte
206 1865 416 1945 turpissimum
428 1865 500 1926 dixit
509 1865 535 1926 ll
543 1873 743 1946 erlungus,
759 1867 908 1931 immerito
920 1877 1076 1931 mutarunt
1088 1871 1160 1932 Can
1168 1904 1183 1915 -

109 1978 216 2033 terus
238 1977 268 2030 et
282 1968 537 2043 Marklandus,
561 1987 636 2049 quos
656 1969 694 2030 ad
714 1971 794 2032 hunc
815 1971 892 2033 diem
915 1973 1009 2033 secuti
1032 1981 1104 2034 sunt
1122 1973 1184 2035 lere

109 2090 217 2134 omnes
243 2080 363 2152 praeter
391 2070 691 2148 Hermannum⁰⁷)
719 2079 749 2133 et
774 2073 992 2146 Nauckium‚
1022 2077 1073 2155 qui
1101 2095 1183 2137 suam

109 2175 239 2255 quisque
254 2181 437 2254 temptarunt
449 2176 654 2251 mutationem,
671 2184 700 2238 et
711 2175 958 2254 Musgrarium
968 2186 998 2240 et
1009 2178 1184 2240 Rothium

109 2297 166 2340 suo
182 2296 333 2357 quemque
348 2279 437 2340 modo
453 2279 552 2341 versui
565 2280 804 2360 interpungendo
820 2278 882 2339 vim
895 2279 1066 2342 inferentes.
1100 2300 1184 2361 egre-

108 2380 193 2459 gium
206 2379 276 2441 illud
291 2381 369 2460 quod
381 2381 527 2460 praebent
539 2382 607 2443 libri
617 2390 738 2463 praeter
747 2382 770 2442 ll
779 2381 946 2455 lotzium‚
957 2383 1184 2463 quiperversam

110 2481 268 2563 temptavit
284 2483 447 2562 explicandi
463 2485 620 2557 rationem,
637 2504 717 2547 unus
733 2485 857 2545 retinuit
872 2484 982 2545 Kircb
992 2484 1147 2545 boliius.

267 2579 380 2648 κούδέν
401 2579 428 2664 γ’
453 2574 616 2671 ἄχρηστον
639 2581 714 2649 οὐδὲ
734 2583 892 2671 χρήσιμον
913 2579 1029 2668 παρόν.
1140 2591 1150 2603 ’

109 2695 199 2768 poeta
222 2687 293 2767 quid
313 2689 360 2750 bis
379 2689 486 2750 dixerit
511 2689 623 2770 optime
651 2707 866 2768 cognoscemus
892 2688 998 2751 collato
1023 2690 1081 2752 hoc
1107 2690 1184 2763 loco,

111 2791 206 2870 Soph.
222 2790 266 2851 El.
285 2789 348 2851 305
365 2809 420 2871 sq,

255 2889 380 2974 μέλλων
402 2887 462 2976 γὰρ
485 2887 537 2957 ἀεὶ
559 2891 637 2978 δρᾶν
658 2916 691 2957 τι
711 2887 778 2981 leole
808 2890 906 2968 οὔσας
931 2890 967 2957 τέ
991 2914 1049 2975 μοι

256 2995 312 3058 καὶ
337 2990 397 3072 τὰς
420 2990 569 3072 ἀπούσας
589 2993 727 3074 ἐλπίδας
748 2995 934 3083 διέφθορεν.

112 3121 190 3183 quos
207 3100 361 3181 Sophoclis
376 3119 479 3162 versus
496 3102 602 3181 opinor
618 3111 648 3163 et
663 3103 770 3164 docere
787 3111 817 3163 et
828 3103 988 3164 defendere
1001 3121 1097 3163 meam
1113 3121 1184 3163 sen-

111 3204 248 3266 tentiam.
282 3212 403 3284 apparet
419 3204 498 3266 enim
514 3205 587 3266 nihil
601 3205 681 3267 aliud
699 3206 796 3266 dicere
812 3205 957 3265 Electram
975 3223 1062 3283 quam
1079 3223 1184 3265 omnes

113 3326 182 3387 spes
196 3307 325 3387 perditas
342 3326 416 3367 esse.
452 3307 505 3368 sed
527 3309 666 3370 absentes
688 3327 755 3388 spes
776 3326 849 3368 num
871 3325 939 3366 vere
960 3306 1065 3385 aliquis
1086 3306 1185 3368 dicere

114 3405 234 3490 possit?
256 3409 349 3470 immo
365 3409 474 3472 absens
495 3411 594 3491 aliqua
615 3430 683 3490 spes
705 3411 786 3472 nulla
809 3417 868 3482 est,
891 3409 1014 3470 omnino
1034 3408 1107 3469 nihil
1128 3416 1183 3470 est.

114 3520 221 3574 nostro
238 3520 338 3573 autem
354 3514 418 3574 loco
434 3522 519 3593 poeta
542 3520 623 3575 vates
644 3514 683 3574 ait
703 3514 840 3574 homines
860 3532 982 3593 prorsus
1004 3511 1088 3573 nibib
1109 3531 1184 3584 esse,

114 3617 195 3697 quod
211 3624 350 3695 utquam
365 3617 538 3695 gravissime
554 3617 632 3678 dicat
651 3617 767 3678 ratione
791 3616 885 3680 utitur
904 3616 951 3677 illa
974 3615 1112 3697 Sophocli
1131 3617 1185 3677 ad-

189 3860 221 3924 ⁰¹)
239 3875 263 3913 ι.
278 3861 352 3912 1847.
368 3861 414 3922 lile
427 3861 536 3928 interpp.
549 3860 567 3912 l.
580 3861 606 3911 in
618 3861 677 3912 Aul.
691 3860 708 3911 l.
722 3876 780 3928 pag.
796 3859 845 3924 12.)
858 3859 939 3912 scribi
951 3862 1031 3916 iussit

329 3944 429 4001 κούδέν
438 3964 469 4015 γε
476 3940 607 4016 χρηστόν,
620 3934 654 3999 οὗ
667 3946 696 4001 δὲ
702 3935 852 4020 χρήσιμον,
865 3942 974 4019 πικρόν.
