2588 4522
194 1088 389 1223 Iphigeniam
411 1142 604 1206 Aulidensem
625 1162 713 1225 quam
739 1141 823 1221 volgo
848 1141 973 1205 dicimus
993 1151 1088 1206 actam
1109 1163 1175 1207 esse

108 1247 250 1309 traditum
266 1255 310 1306 est
324 1254 393 1326 post
409 1255 537 1308 mortem
552 1246 702 1327 Euripidis
718 1248 822 1325 (schol.
839 1247 912 1308 Rau.
929 1247 1008 1327 67.):
1025 1246 1104 1309 unde
1120 1264 1173 1307 ne-

109 1351 236 1414 cessario
257 1350 336 1411 idem
357 1350 544 1413 concluditur
571 1352 651 1433 quod
672 1351 778 1413 merito
800 1371 835 1413 ex
855 1352 898 1413 eis
918 1370 992 1434 quae
1008 1352 1081 1413 Ran.
1098 1370 1175 1412 vers.

109 1453 170 1516 868
183 1473 228 1534 sq.
246 1454 291 1514 ed.
308 1453 393 1514 Diud.
410 1454 586 1535 Aeschylum
602 1455 751 1517 dicentem
766 1454 836 1516 fecit
850 1454 1065 1534 Aristophanes
1079 1452 1098 1532 1)
1115 1457 1176 1516 col-

108 1557 218 1636 ligitur,
235 1564 314 1617 certe
329 1556 446 1619 duobus
460 1557 612 1620 mensibus
628 1566 731 1638 postea
746 1578 836 1640 quam
848 1557 1060 1639 Aristophanes
1076 1557 1177 1620 docuit

109 1661 214 1735 henas,
231 1661 260 1721 id
275 1659 356 1740 quod
372 1661 574 1740 compluribus
587 1662 739 1723 mensibus
755 1672 823 1742 post
837 1669 991 1724 mortuum
1003 1660 1174 1741 Euripidem

109 1764 220 1827 factum
236 1782 301 1824 esse
316 1770 444 1837 constat,
462 1763 538 1826 hane
554 1765 734 1845 tragoediam
755 1764 786 1826 iu
810 1782 930 1827 scenam
952 1762 1078 1826 delatam
1100 1783 1175 1826 esse.

110 1885 241 1948 namque
256 1866 336 1927 diem
353 1884 527 1945 supremum
543 1867 700 1948 Euripides
716 1868 788 1929 obiit
809 1868 932 1931 ineunte
954 1867 992 1928 ol.
1009 1866 1059 1928 93.
1076 1866 1104 1941 3,
1126 1884 1173 1928 ar-

111 1971 220 2031 chonte
236 1967 368 2048 Callia2),
384 1970 484 2032 Ranae
498 1977 597 2032 autem
614 1972 676 2032 aeta
698 1978 742 2032 est
759 1971 893 2033 eiusdem
914 1970 984 2033 anni
1006 1969 1179 2046 Lenaeie⁸)‚

112 2092 187 2154 quae
204 2075 321 2136 duobus
338 2073 492 2136 mensibus
507 2074 721 2136 antecedebant
736 2073 882 2155 Dionysiis
898 2071 1058 2155 magnis⁴).

182 2282 199 2346 ¹)
402 2276 446 2332 ὅτι
457 2279 474 2346 ἡ
487 2283 598 2348 ποίησις
609 2275 672 2349 οὐχὶ
683 2283 851 2347 συντέθνηκέ
858 2299 920 2349 μοι,

400 2363 487 2435 τούτῳ
499 2366 529 2420 δὲ
541 2369 730 2434 συντέθνηκεν.

113 2453 289 2508 ο1.ΒοοοΗι.
327 2452 442 2505 Graecae
454 2461 521 2517 trag.
535 2453 670 2521 principes.
706 2453 821 2506 lleidelh.
834 2468 857 2504 a.
873 2452 946 2504 1808.
959 2469 981 2520 p.
997 2454 1047 2504 213
1060 2469 1095 2520 sq.
1114 2440 1117 2447 ¹

179 2540 200 2605 ²)
220 2540 349 2591 Eoeekh.
370 2537 414 2590 Gr.
434 2547 468 2590 tr.
488 2554 527 2605 pr.
544 2555 599 2608 pag.
618 2540 677 2592 209.
696 2539 728 2592 cl.
746 2555 801 2607 pag.
820 2540 877 2591 212.
896 2538 1013 2593 Nauck.
1032 2539 1068 2590 De
1087 2536 1179 2606 Eurip.

113 2627 165 2678 vita
179 2625 299 2689 (fabuler.
312 2625 418 2677 edition.
431 2625 527 2689 Teuhn.
541 2627 592 2678 vol.
606 2624 633 2691 l.)
648 2633 701 2677 uot.
714 2627 738 2678 3.
774 2625 887 2677 Marmor
900 2624 1005 2677 Parium
1019 2634 1121 2677 secutus
1136 2639 1180 2692 po-

113 2720 166 2766 etee
179 2713 321 2764 Eoeekhius
334 2712 445 2764 eiusdem
458 2713 611 2781 olympiadis
628 2729 693 2765 anno
711 2713 794 2763 altero
807 2710 954 2778 Euripidem
966 2712 1063 2763 obiisse
1080 2712 1182 2764 censuit

115 2800 175 2863 (vid.
191 2800 219 2851 C.
233 2800 256 2850 J.
271 2797 299 2850 ll.
311 2812 368 2866 pag.
382 2798 461 2863 ³42),
473 2798 539 2865 quod
551 2799 637 2850 neseio
648 2812 680 2848 en
693 2798 821 2850 immerito
838 2797 932 2851 lectum
945 2800 989 2851 sit.
1012 2806 1039 2850 et
1052 2797 1082 2851 G.
1102 2799 1183 2850 Din-

115 2884 246 2936 dorfius
258 2885 285 2935 in
298 2883 486 2949 Prolegomenis
504 2886 535 2937 ad
552 2884 655 2938 Poetar.
671 2902 740 2937 scen.
754 2887 793 2938 cd.
811 2885 843 2939 V.
856 2886 1001 2952 nuperrime
1017 2884 1095 2936 editis
1116 2885 1182 2950 (pag.

117 2973 166 3036 14.)
180 2971 279 3023 diserte
292 2971 510 3038 chronographum
522 2972 623 3024 Parium
635 2987 737 3025 errasse
750 2972 827 3024 dixit.
854 2980 968 3024 ceterum
986 2979 1114 3038 uteunque
1127 2978 1181 3022 sta·

115 3065 215 3110 tuemus
234 3057 281 3110 hae
293 3056 324 3108 de
335 3074 372 3122 re,
386 3057 540 3125 Iphigeniam
551 3057 717 3111 Aulidensem
729 3065 756 3110 et
766 3073 828 3124 quas
840 3074 891 3110 una
903 3073 959 3109 cum
974 3059 1022 3110 hee
1039 3056 1065 3108 iu
1082 3073 1183 3109 scenam

115 3143 209 3197 detulit
225 3143 310 3196 minor
326 3144 464 3210 Euripides
480 3144 586 3197 maioris
605 3144 704 3196 fabulas
724 3151 796 3196 actas
819 3159 875 3196 esse
897 3150 999 3196 constat
1016 3150 1074 3212 post
1090 3143 1182 3206 Ranae,

114 3231 232 3298 quoniam
244 3246 277 3281 cn
288 3230 400 3282 eiusdem
413 3230 583 3283 commoediae
596 3231 715 3283 versibus
727 3230 800 3281 mode
812 3229 901 3281 citatis
918 3226 1122 3280 luculentissime
1140 3243 1184 3294 ap·

117 3325 254 3384 paretque
274 3324 387 3383 tempore
405 3316 560 3368 comoediam
578 3317 650 3369 illam
670 3317 786 3369 docuerit
802 3316 989 3383 Aristophanes
1010 3315 1105 3383 nullam
1126 3314 1184 3365 dum

118 3411 258 3470 spectatam
270 3401 352 3454 fuisse
364 3402 523 3467 tragoediam
534 3403 666 3471 Euripidis
677 3405 780 3456 mertui.

184 3487 204 3550 ³)
224 3487 327 3552 Argum.
341 3488 402 3540 llan.
416 3477 552 3557 ἐδιδάχθη
564 3487 610 3542 ἐπὶ
618 3490 741 3543 Καλλίου
752 3490 801 3542 τοῦ
812 3485 879 3559 μετὰ
889 3485 1022 3557 Ἀντιγένη
1034 3482 1081 3540 ut
1093 3487 1186 3539 Φιλω-

118 3573 194 3627 νίδου
205 3576 245 3631 εἰς
256 3567 378 3640 Λήναια.

185 3659 206 3725 ⁴)
225 3660 347 3712 Pluribus
358 3661 464 3726 primus,
478 3668 597 3727 quantum
607 3661 721 3727 equidem
731 3663 794 3727 scio,
806 3663 868 3713 haec
878 3661 1050 3725 pertractavit
1058 3667 1186 3726 totamque

121 3764 221 3800 causam
234 3748 376 3812 composuit
392 3747 533 3799 Boeclrhi
543 3765 576 3800 us
596 3746 640 3800 Gr.
653 3756 686 3800 tr.
700 3763 738 3813 pr.
750 3763 808 3813 pag.
821 3749 871 3800 209
884 3765 937 3816 sqq.
972 3748 1038 3799 mira
1054 3761 1187 3810 argumen-

122 3835 217 3887 tatione
229 3850 291 3884 usus
308 3840 347 3884 est
367 3833 593 3886 Eirnhaberus
610 3834 707 3900 (Eurip.
726 3832 779 3899 lph.
794 3835 820 3884 in
834 3835 892 3886 Aul.
906 3834 976 3900 Lips.
994 3848 1016 3884 a.
1038 3833 1112 3890 1811.
1131 3848 1186 3898 pag.

122 3919 323 3971 uult-tntu.
360 3935 420 3985 prae
438 3920 533 3970 ceteris
550 3922 615 3971 mira
634 3928 693 3970 sunt
709 3935 772 3986 quoe
790 3922 908 3985 exposuit
925 3936 981 3987 pag.
995 3918 1047 3972 [Ν.
1060 3920 1124 3984 sqq.)
1139 3932 1188 3982 qua

960 4011 970 4060 1
