2588 4522
484 292 749 352 -157-,

66 470 132 522 tum
149 461 306 523 consilium
327 469 413 541 poeta
440 463 572 524 videatur
597 470 716 524 secutus
742 481 808 523 esse
834 462 866 522 in
893 463 1025 524 carmine
1051 483 1133 525 com-

65 564 215 645 ponendo.
251 564 313 626 Hoc
328 563 427 627 autem
448 585 539 646 quam
560 566 599 627 sit
621 565 773 645 egregium
794 573 962 645 quantaque
981 585 1049 628 cum
1070 574 1133 628 arte

66 668 103 729 ad
120 667 231 729 doloris
248 668 474 747 significandum
490 669 636 750 impetum
653 669 804 749 animique
820 669 1045 750 exprimendam
1061 689 1134 731 con-

65 773 240 835 citationem
252 781 456 854 comparatum
471 774 548 835 benc
563 773 753 853 cognoscitur
775 793 792 834 a
806 771 1001 854 periodorum
1016 775 1133 835 iliarum

66 877 188 958 quintae
204 896 291 938 vorsu
307 877 405 938 medio
422 878 460 952 (v.
480 875 593 951 talu),
615 876 667 939 ubi
682 895 740 940 una
757 896 824 939 cum
845 876 979 939 iambicis
1000 879 1133 940 numeris

65 981 212 1043 concitato
236 980 335 1041 animo
357 980 644 1042 convenientissimis
668 981 800 1061 primum
827 979 1058 1042 adlitterationes
1084 981 1132 1041 in-

65 1084 219 1145 ducuntur
234 1084 340 1163 etipsa
356 1085 444 1145 ctiam
460 1079 698 1165 δμοιοτέλευτα,
715 1084 828 1163 optime
840 1091 939 1145 autem
951 1084 1133 1162 intellegitur

64 1187 96 1247 in
113 1205 147 1248 ea
163 1206 237 1266 quae
253 1187 386 1267 sequitur
400 1196 484 1267 parte
499 1187 682 1267 anapaestico
699 1193 788 1264 (vers.
804 1184 1056 1263 1319.-1329.)‚
1071 1196 1133 1249 tam

63 1289 334 1351 adlitterationibus
349 1311 439 1372 quam
450 1290 696 1352 homoeotelentis
709 1291 755 1351 ilia
768 1290 887 1372 quidem
900 1289 1018 1368 insigni,
1034 1309 1133 1370 neque

64 1393 125 1454 ullo
140 1395 231 1454 modo
247 1395 359 1473 neglegi
372 1402 471 1474 potest
486 1395 518 1455 in
535 1394 688 1455 trochaicis
704 1393 760 1455 illis
772 1392 879 1472 quibus
891 1392 958 1453 finis
970 1392 1134 1473 imponitur

64 1496 186 1558 melicis.

151 1600 261 1662 Verum
276 1600 348 1663 haec
362 1601 515 1663 hactenus.
550 1602 603 1661 sed
618 1601 675 1662 hoc
690 1619 808 1681 quoquc
824 1618 960 1671 carmen,
983 1607 1015 1660 ut
1036 1599 1131 1660 brevis

63 1704 124 1765 sim
138 1710 168 1764 et
184 1703 321 1766 distincte
336 1706 450 1784 loquar,
465 1704 596 1765 virorum
609 1705 764 1765 doctorum
775 1703 902 1782 receptis
914 1704 946 1765 in
958 1702 1066 1783 quibus
1082 1722 1132 1763 ac-

63 1808 279 1889 quiescendum
295 1808 411 1870 videtur
426 1807 640 1869 mutationibus
656 1806 821 1869 transcribo
837 1826 932 1886 paene
946 1813 1053 1867 totum.

164 1957 215 2026 Ἰώ
237 1956 290 2027 ἰοί.

166 2063 342 2152 νιφόβολον
363 2060 467 2140 νοίντος
490 2066 627 2151 Φρυγῶν
639 2060 729 2142 ’Ίδας
749 2060 781 2128 τ’

166 2163 253 2253 ἷίρεα,
276 2173 429 2256 Πρίαμος
452 2165 511 2234 όθι
531 2169 614 2233 nori
635 2165 759 2254 βρέφος
781 2161 908 2231 ἆνταλδν
931 2159 1026 2249 ἔβαλε
1050 2167 1132 2230 1285

165 2268 288 2358 ματρὸς
312 2267 447 2359 ἀποπρὸ
469 2270 632 2358 νοσφίσας

166 2374 224 2441 ἐπὶ
244 2371 336 2463 μόρῳ
357 2370 553 2442 θανατόεντι

166 2473 284 2564 Πάριν,
308 2471 344 2554 ὃς
361 2473 478 2554 Ἰδαῖος

163 2572 281 2659 Ἰδαῖος
301 2578 418 2666 ἐλέγετ’
442 2576 561 2665 ἐλέγετ’
584 2577 618 2645 ἐν
640 2580 776 2663 Φρυγῶν
800 2571 908 2644 πόλει.
1052 2576 1132 2638 1290

164 2752 214 2842 μή
235 2747 316 2821 ποτ’
341 2752 464 2843 ὤφελεν
485 2755 540 2822 τὸν
563 2752 651 2841 ἀμφὶ

165 2860 262 2944 βουσί
282 2854 439 2944 βουκόλον
461 2857 628 2946 τραφέντα

167 2959 290 3029 οἰκίσαι
312 2959 400 3051 ἀμφὶ
420 2964 458 3028 τὸ
480 2959 591 3028 λευκὸν
613 2957 710 3048 ὕδωρ,
734 2955 793 3026 δ’θι

165 3070 280 3154 κρῆναι
300 3066 447 3152 Νυμφᾶν
468 3069 591 3132 κεῖνται

165 3165 284 3253 λειμών
305 3160 338 3234 τ’
363 3165 480 3234 avocet
500 3165 634 3234 θοίλλων

165 3271 312 3359 χλωροῖς,
336 3261 374 3339 οὗ
397 3264 554 3360 ῥοδόεντα

165 3370 261 3441 ἄνθε’
285 3370 460 3443 ὑακίνθινά
482 3398 516 3440 τε
537 3376 669 3441 θεαῖσιν
691 3371 831 3455 δρέπειν.

120 3561 139 3628 †
163 3547 246 3618 ttae
267 3551 350 3619 ποτὲ
371 3550 508 3627 Παλλὰς
530 3544 624 3633 ἔμολε

120 3667 139 3733 †
162 3655 218 3722 καί
240 3651 425 3744 δολιόφρων
446 3650 578 3738 Κύπρις

120 3756 245 3845 ίἭρα
266 3754 306 3823 θ’
325 3753 445 3845 Ἑρμᾶς
465 3753 507 3822 θ’

120 3871 140 3940 t
164 3859 181 3930 ὁ
204 3860 283 3939 Διὸς
306 3857 449 3947 δίγγελος,

165 3961 187 4030 ἆ
208 3964 266 4051 μὲν
289 3963 346 4032 ἐντί
367 3960 469 4052 ντόθφ
490 3964 652 4051 τρυφυῖσα
