2588 4522
550 298 763 360 „85-

110 470 206 532 verbo
230 471 353 547 iungere
369 469 501 541 suadeat,
516 469 646 530 retinere
661 468 758 530 licebit
773 470 853 549 quod
870 471 1010 533 traditum
1025 477 1070 529 est
1085 461 1188 530 ἀσθε-

109 569 174 647 νές.
214 573 322 635 deinde
342 579 441 634 autem
466 591 502 633 ex
530 572 573 633 eis
602 592 676 652 quae
704 572 802 634 statim
832 570 1037 647 secuntnr¹¹⁴l
1063 592 1124 634 non
1151 592 1186 634 ex

109 678 181 757 ipso
197 695 287 738 curru
303 676 448 754 virginem
460 676 568 755 pedem
579 676 663 736 humi
674 694 786 754 ponere
799 677 851 737 sed
863 677 1035 738 ancillarum
1048 677 1186 738 manibus

109 780 208 860 excipi
220 779 430 858 cognoscimus
441 779 548 858 quibus
559 778 591 838 in
603 778 730 838 humum
743 779 924 841 demittatur.
956 781 1037 841 unde
1050 780 1186 860 sequitur

109 889 146 944 ul
161 874 264 962 ἁβρὸν
284 879 417 943 τιθεῖσα
439 877 544 942 κῶλον
566 881 602 942 de
618 880 742 960 pedibus
755 881 832 941 inter
845 882 1088 944 descendendum
1101 892 1185 945 caute

109 984 263 1067 ponendis
279 984 391 1046 dictum
406 984 444 1044 sit
457 1001 554 1062 neque
567 1002 636 1045 vero
649 991 717 1064 apte
729 984 854 1046 addatur
864 981 968 1065 χαμαί
979 986 1023 1047 vel
1035 989 1091 1048 tale
1103 986 1184 1066 quid.

169 1237 172 1241 ,
199 1174 305 1236 XXXI.
328 1175 363 1236 V.
379 1174 451 1236 6-15.
471 1210 514 1218 —
538 1174 579 1235 De
598 1175 692 1236 servis
713 1175 762 1250 (cl.
785 1163 1030 1257 εὖλαβούμενοι
1049 1199 1075 1239 v.
1099 1179 1183 1255 612)

109 1277 321 1358 servabusque
337 1279 601 1357 Clytaemnestram
617 1279 675 1339 huc
691 1277 801 1339 secutis
818 1298 907 1358 supra
921 1280 1027 1342 monui
1050 1282 1085 1343 ad
1107 1300 1183 1342 vers.

110 1379 305 1443 osu-606.
341 1381 420 1461 quod
435 1399 505 1441 vero
522 1382 721 1442 recentiorum
738 1400 856 1461 quoqne
881 1385 1048 1463 complures
1071 1384 1184 1445 Chalci-

109 1484 186 1546 dicis
202 1483 376 1545 mulieribus
391 1483 463 1544 haec
478 1484 616 1546 mandata
632 1484 696 1544 dari
717 1492 824 1564 putant
845 1503 906 1546 non
929 1486 1032 1548 dubito
1055 1487 1128 1566 quin
1151 1505 1184 1547 eo

109 1587 305 1668 potissimum
322 1604 407 1647 causa
422 1586 462 1647 sit
473 1587 552 1667 quod
565 1586 749 1648 sollemniter
759 1579 903 1661 νεάνιδες
914 1591 1097 1668 appellantur
1110 1608 1185 1668 quac

109 1689 297 1771 iphigeniam
314 1690 448 1769 excipere
463 1688 611 1751 iubentur.
646 1690 697 1750 sed
714 1689 803 1751 nimis
818 1690 1002 1753 confidenter
1013 1693 1120 1772 opinor
1130 1692 1185 1752 viri

111 1793 193 1856 docti
209 1793 286 1854 hanc
300 1791 476 1853 Piersoni
492 1793 693 1854 coniecturam
709 1801 887 1872 receperunt
907 1813 1073 1875 parumque
1097 1813 1182 1856 accu-

109 1906 178 1959 rate
193 1915 228 1957 ea
242 1888 467 1976 perpenderunt
482 1915 557 1975 quae
573 1896 603 1956 in
618 1896 769 1958 codicibus
783 1895 987 1958 inveniuntur.
1022 1899 1114 1959 codex
1129 1916 1182 1958 au-

113 2008 180 2063 tem
203 1998 357 2060 Palatinus
377 1992 574 2059 νεανὶδαισιν
601 1999 703 2072 habet,
731 1998 763 2058 in
788 1999 959 2061 Florentino
986 1995 1184 2062 νεανίδεσσιν

116 2102 332 2181 scriptumest.
365 2100 481 2180 quaesi
498 2119 720 2180 comparamus
740 2101 839 2161 statim
863 2102 987 2163 eandem
1007 2121 1111 2164 eorum
1131 2121 1183 2163 ra-

116 2207 234 2267 tionem
250 2223 315 2265 esse
330 2203 538 2281 cognoscimus
554 2222 629 2287 quac
645 2202 768 2264 omnino
783 2203 940 2265 interillos
956 2206 1073 2267 codices
1089 2206 1183 2267 inter-

111 2309 214 2371 cessit.
248 2314 328 2368 certe
345 2306 486 2386 quoniam
501 2307 707 2368 Florentinum
725 2325 849 2385 eaquae
870 2306 902 2368 in
918 2307 1075 2388 archetypo
1094 2327 1181 2369 men·

110 2413 185 2473 dosa
202 2417 286 2471 erant
301 2417 432 2470 correcta
448 2416 477 2470 ct
499 2411 655 2471 emendata
677 2407 834 2487 praebere,
855 2409 1022 2471 Palatinum
1045 2410 1114 2471 vitia
1133 2409 1182 2470 illa

111 2515 292 2595 plerumque
307 2512 466 2573 retinuisse
482 2520 606 2585 constat,
623 2530 714 2592 quare
738 2512 786 2572 hic
806 2511 899 2571 codex
919 2512 958 2572 illi
978 2512 1181 2591 anteponitur,

110 2636 167 2697 ego
183 2615 304 2696 quidem
321 2615 411 2676 etiam
426 2615 457 2675 in
473 2616 609 2676 hocloco
626 2612 810 2674 emendando
827 2632 843 2673 a
858 2613 982 2674 Palatini
1003 2614 1053 2675 illo
1075 2609 1182 2676 νεανί-

110 2718 224 2782 δαισιν
238 2719 347 2799 potius,
363 2717 444 2797 quod
459 2718 547 2797 plane
562 2717 637 2777 nihil
657 2722 718 2788 est,
741 2735 829 2796 quam
852 2737 867 2777 a
890 2716 1058 2779 Florentini
1078 2713 1183 2779 νεανί-

111 2821 228 2885 δεσσιν
242 2821 421 2901 proficiscar,
436 2821 525 2900 quod,
541 2839 608 2880 cum
625 2838 748 2882 sensum
762 2820 889 2899 aliquem
906 2821 1060 2900 praebeat,
1081 2839 1182 2883 corre-

112 2935 229 2989 ctorem
244 2925 343 3003 prodit
359 2924 491 3002 quamvis
506 2924 668 2985 incautum.
702 2931 783 2987 recte
799 2923 879 2984 enim
890 2923 1063 2988 Matthiaeus
1079 2934 1182 2986 contra

111 3028 273 3108 Toupium‚
288 3027 338 3107 qui
353 3026 434 3089 idem
449 3047 465 3087 e
481 3027 651 3089 coniectura
665 3027 829 3108 proposuit,
844 3027 1042 3089 accusativum
1066 3028 1183 3090 deside·

110 3132 171 3195 rari
187 3131 314 3192 monuit.
348 3131 428 3191 hunc
440 3131 640 3192 accusativum
652 3131 791 3210 praebuit
801 3131 973 3201 Piersonus‚
989 3131 1040 3191 sed
1057 3131 1182 3192 Floren-

110 3237 177 3298 tino
193 3235 293 3296 codice
308 3233 396 3295 nixus
412 3233 560 3294 immerito
576 3234 777 3295 introduxisse
798 3233 871 3293 mibi
892 3233 1008 3294 videtur
1029 3231 1181 3306 νεάνιδες.

113 3340 184 3412 Nos,
200 3339 225 3399 si
240 3337 362 3416 vestigia
378 3336 532 3415 sequimur
547 3337 579 3397 in
594 3337 727 3397 Palatino
743 3337 853 3410 relicta,
869 3336 947 3396 ultro
962 3336 1026 3397 fere
1042 3337 1073 3397 in
1089 3336 1119 3396 id
1134 3337 1181 3397 in-

113 3441 241 3503 cidimus
256 3440 336 3520 quod
352 3440 494 3501 Lobeck
503 3440 561 3502 ius
573 3440 708 3513 coniecit,
723 3442 865 3514 νεανίαις
879 3461 927 3503 νιν
941 3431 1103 3520 ’ἀγκάλαις
1115 3436 1183 3503 ἔπι.

114 3553 144 3605 et
159 3544 217 3604 hoc
232 3561 405 3624 quanquam
420 3544 464 3605 vir
480 3544 670 3605 doctissimus
686 3543 748 3623 ipse
763 3542 905 3605 abiecisse
922 3543 1045 3617 videtur,
1062 3562 1116 3623 ego
1131 3561 1181 3605 re·

112 3647 271 3729 potiuerim
291 3648 469 3730 restituique
488 3648 587 3710 velim.
627 3664 695 3708 nam
717 3647 769 3728 qui
790 3639 871 3730 ια’χη
895 3638 1006 3731 σωτήρ
1028 3647 1092 3726 (Ag.
1110 3647 1181 3708 642.

187 3894 229 3956 ¹¹⁴)
248 3892 300 3944 llos
311 3893 374 3944 duos
385 3908 475 3944 versus
485 3893 541 3955 sino
551 3893 639 3943 idonea
650 3907 727 3944 causa
736 3893 893 3943 Hermannus
903 3892 1084 3959 interpolatori
1091 3892 1184 3942 tribuit
1238 3880 1241 3887 ¹

116 3980 133 4031 l.
147 3981 166 4030 l.
178 3994 233 4047 pag.
248 3980 273 4030 4.
