2588 4522
542 292 754 352 ..19-

112 461 265 522 Boeckhio
282 461 398 522 Bremia
423 462 613 524 Zirndorlero
636 465 788 525 adsentior
812 466 855 526 eis
880 465 931 545 qui
953 465 1030 526 hanc
1053 465 1182 526 tabulam

113 566 193 626 sicut
220 561 462 647 GruppIns⁶⁵l
493 567 751 630 Firnhaberus
778 569 995 642 Weilius⁶⁰)‚
1023 569 1078 629 etsi
1105 569 1184 630 varie

113 677 290 750 corruptam
305 690 370 731 esse
386 672 447 732 sive
463 671 652 733 librariorum
668 674 853 751 neglegentia
869 674 930 735 sive
945 683 1116 754 temporum
1136 673 1184 733 in-

111 774 241 853 iquitate
253 774 381 836 libenter
396 778 574 850 concedunt,
590 785 689 838 tamen
702 778 790 838 alieni
805 778 979 858 cuiusquam
990 778 1121 839 bominis
1133 776 1186 837 ad-

111 878 298 940 didamentis
314 880 545 941 contaminatam
563 900 630 941 esse
645 899 768 960 prorsus
784 891 904 960 negant.
983 947 984 951 ,

204 983 263 1043 Sed
276 983 444 1064 quicunque
456 992 574 1065 praeter
585 985 659 1057 illos,
677 992 824 1064 quantum
837 985 976 1064 equidem
987 984 1107 1062 sotor),
1118 1002 1185 1043 ver-

112 1087 173 1147 sati
196 1096 267 1146 sunt
290 1086 321 1148 in
343 1089 524 1149 recensenda
546 1094 598 1147 ant
620 1087 790 1166 explicanda
811 1087 865 1149 hac
887 1088 1002 1157 sabula,
1025 1095 1184 1169 postquam

113 1189 249 1249 exodum
264 1188 391 1261 fabulae,
407 1191 503 1270 qualis
524 1210 605 1252 nunc
625 1191 743 1271 quidem
761 1200 815 1266 est,
832 1193 963 1272 spuriam
986 1210 1053 1253 esse
1076 1210 1185 1252 censu-

110 1300 205 1353 erunt
220 1292 412 1354 Porsonus
429 1302 459 1354 et
474 1295 658 1369 Bremius‚
674 1296 894 1375 interpolatoris
910 1296 969 1358 sive
985 1297 1185 1357 emendaturis

110 1412 237 1474 operam
254 1396 285 1456 in
301 1396 479 1459 absolvenda
494 1406 545 1459 aut
560 1398 764 1478 amplificanda
780 1399 878 1461 fabula
894 1400 1059 1460 secundum
1074 1407 1184 1459 certam

112 1499 245 1577 aliquam
262 1499 409 1560 rationem
424 1501 552 1580 positam
569 1510 754 1580 agnoverunt
769 1520 883 1563 omnes.

199 1603 245 1663 Ab
260 1603 401 1683 Euripide
417 1603 500 1664 omni
516 1622 551 1663 ex
566 1611 651 1683 parte
666 1604 833 1665 absolutam
848 1604 969 1684 quidem
990 1614 1019 1665 et
1035 1604 1071 1664 ad
1088 1612 1186 1664 extre-

113 1724 198 1768 mum
215 1706 308 1767 finem
323 1707 497 1786 perductam
512 1707 642 1768 fabulam
653 1708 842 1769 Hermann
853 1729 893 1770 us
910 1709 1035 1770 coniecit
1047 1709 1078 1769 in
1089 1707 1186 1768 lacero

115 1809 214 1888 aliquo
231 1809 333 1870 codice
348 1818 408 1870 tam
425 1812 501 1871 male
516 1809 648 1870 habitam
663 1810 755 1872 luisse
776 1821 810 1872 ut
825 1829 888 1872 non
903 1813 1000 1872 solum
1022 1811 1081 1872 line
1097 1817 1185 1870 trun-

113 1921 178 1974 cata
195 1914 248 1974 sed
266 1913 356 1973 etiam
379 1913 442 1974 aliis
462 1913 641 1994 quibusdam
663 1913 796 1994 partibus
820 1915 923 1975 mutila
945 1914 1058 1974 luisset.
1094 1932 1129 1973 eo
1152 1911 1184 1973 in

109 2017 187 2078 libro
203 2017 434 2096 grammaticum
449 2017 580 2097 aliquem
593 2017 733 2097 Euripide
748 2018 842 2078 multo
864 2017 1062 2079 recentiorem
1085 2016 1185 2095 exple-

113 2121 190 2181 visse
206 2138 282 2200 quae
299 2121 401 2181 deesse
425 2122 469 2181 vel
490 2122 603 2183 videret
624 2123 669 2182 vel
691 2121 862 2201 opinaretur
883 2128 1035 2201 totamque
1057 2120 1187 2199 deniqne

111 2223 245 2284 fabulam
261 2243 316 2303 pro
332 2242 386 2284 suo
403 2224 510 2285 iudicio
525 2233 672 2305 captuque
687 2225 838 2304 paullatim
856 2224 1028 2304 perpulisse.
1065 2223 1115 2303 qui
1138 2241 1189 2283 co-

113 2329 181 2399 dex,
197 2336 359 2409 postquam
375 2328 426 2389 diu
442 2330 594 2407 neglectus
610 2329 764 2400 iacuisset,
781 2329 881 2389 denuo
898 2334 1057 2406 corruptus
1077 2327 1188 2387 misero

111 2451 183 2494 casu
199 2433 312 2494 factum
329 2451 392 2493 esse
410 2440 442 2493 nt
458 2435 538 2494 solus
555 2441 688 2495 servatus
714 2440 793 2495 esset
809 2435 982 2510 fontemque
1003 2428 1189 2509 praebuisset

113 2536 228 2598 nostris
243 2531 385 2607 libris⁰⁸l

185 2779 218 2846 ο5)
239 2779 273 2832 cf.
285 2780 406 2832 Ariadne.
420 2797 473 2846 cap.
486 2778 553 2830 XIII.
567 2795 623 2845 pag.
638 2779 687 2830 462
701 2795 753 2846 sqq.

185 2866 219 2932 11)
239 2867 301 2935 Sept
319 2866 450 2932 tragddies
470 2866 624 2933 d’Iluripide.
656 2865 741 2916 Paris.
765 2864 839 2916 1868.
874 2881 936 2931 quae
957 2865 1045 2931 spuria
1068 2865 1188 2916 videntur

115 2956 225 3021 wellin,
239 2970 269 3006 aa
282 2956 375 3022 optime
388 2955 414 3004 in
427 2970 457 3005 eo
469 2954 703 3005 addidamentorum
716 2967 809 3016 genere
819 2952 907 3003 baberi
917 2960 1023 3017 possunt
1032 2951 1123 3017 quibus
1132 2966 1190 3016 pas-

115 3045 164 3094 sim
173 3050 280 3110 turpata
292 3050 332 3094 est
344 3057 503 3110 quaecunque
516 3048 633 3108 superest
644 3040 785 3104 tragoedia.

186 3130 217 3193 17)
238 3126 380 3180 Infeliciter
391 3126 486 3179 Iactum
498 3134 538 3177 est
555 3133 584 3176 ut
596 3126 768 3176 recentiorum
784 3125 883 3190 aliquot
899 3123 1060 3174 recensiones
1081 3138 1128 3172 non
1145 3137 1189 3185 po-

115 3219 214 3268 tuerim
227 3216 364 3280 inspicere.
395 3215 433 3265 sic
445 3229 524 3279 neque
537 3212 684 3263 blonkius
698 3213 839 3276 (utramque
855 3209 1010 3274 Iphigeniam
1028 3207 1109 3258 edidit
1121 3207 1186 3256 Can-

114 3304 209 3365 tabrig.
228 3318 250 3353 a.
269 3302 352 3364 1840.)
374 3308 417 3351 aut
435 3299 565 3350 Peleius
582 3297 652 3362 (Eur.
665 3304 748 3360 tragg.
761 3296 840 3346 Lond.
854 3310 892 3345 aa.
913 3294 985 3347 1857.
998 3322 1029 3329 -—
1043 3291 1125 3353 1860.)
1144 3299 1190 3343 aut

117 3390 237 3441 Fixius
257 3389 329 3453 (Eur.
344 3395 427 3451 tragg.
448 3386 530 3438 Paris.
549 3401 572 3435 a.
587 3385 670 3448 1844.)
684 3391 729 3434 aut
744 3383 885 3435 Vaterus
899 3379 969 3444 (Eur.
983 3377 1033 3443 Ipb.
1047 3379 1073 3427 in
1086 3376 1144 3427 Aul.
1158 3393 1190 3427 cx

119 3492 172 3527 rec.
186 3475 248 3525 min.
262 3473 323 3524 Eur.
338 3481 433 3524 etcum
445 3471 615 3523 animadvers.
628 3469 670 3520 Fr.
682 3470 741 3522 Vat.
754 3467 876 3535 Mosquae
889 3483 910 3517 a.
927 3465 1011 3528 1845.)
1026 3465 1084 3530 qnid
1099 3480 1190 3515 censu-

115 3564 185 3613 erint
197 3568 319 3612 aecurata
336 3561 408 3624 potui
425 3559 542 3610 indicare
554 3573 633 3624 neque
651 3556 755 3620 respexi
772 3572 833 3623 quas
853 3552 988 3604 Botbius
1009 3554 1041 3615 (a.
1063 3549 1145 3614 1843.)
1164 3556 1191 3600 et

116 3651 217 3701 Hartu
228 3662 310 3711 ngus
323 3647 397 3697 huius
411 3645 513 3697 fabulae
526 3651 649 3694 curarunt
661 3643 786 3694 editiones
798 3643 902 3693 alteras.

185 3735 218 3799 18)
238 3734 255 3783 l.
275 3734 292 3785 l.
311 3749 366 3798 pag.
387 3729 487 3783 XXIX.
506 3758 539 3766 -
556 3744 621 3795 queo
638 3729 664 3779 lr.
682 3730 699 3779 l.
718 3729 820 3778 dixerat
838 3727 994 3777 Hermannus
1011 3726 1067 3790 ipsa
1084 3726 1190 3792 quodam

115 3823 190 3873 modo
204 3820 280 3871 auxit
292 3827 319 3871 et
331 3818 476 3870 emendavit
490 3832 512 3867 a.
529 3816 613 3880 1847„
625 3831 673 3882 quo
687 3830 751 3865 anno
764 3813 875 3878 priorem
893 3812 973 3863 edidit
991 3827 1077 3862 earum
1094 3810 1191 3860 disser-

116 3909 243 3960 tationum
256 3922 319 3973 quas
332 3905 438 3969 scripsit
450 3904 480 3954 de
495 3901 737 3966 interpolationibus
751 3900 906 3965 Euripideae
919 3900 976 3964 lpb.
997 3898 1022 3948 in
1036 3899 1094 3948 Aul.
1108 3896 1138 3948 cl.
1158 3897 1191 3945 il-

115 3999 169 4049 lius
183 3996 289 4046 dissert.
310 4009 365 4060 pag.
380 3991 404 4043 3.
943 4053 976 4104 ²*
