2588 4522
537 288 770 349 -141-

343 454 461 531 παῖδες
484 450 518 520 oi
542 455 708 522 Θεσσαλαί
728 456 811 541 μέγα
833 461 920 544 φῶς,

115 578 178 621 non
195 561 301 623 dubito
317 563 389 642 quin
405 562 539 641 pluribus
556 563 637 624 vitiis·
650 564 847 626 deformatum
861 564 1008 643 putaverit
1023 583 1115 645 quam
1130 569 1186 645 pu-

115 672 180 724 tare
197 665 342 727 debuerit.
377 667 449 727 baec
462 667 542 727 enim
558 686 626 728 cum
643 668 730 729 scribi
746 668 845 740 vellet,
868 664 976 729 παῖδα
998 662 1037 729 σὺ
1061 669 1188 730 Θεσσα-

114 763 171 850 λίᾳ
195 771 254 843 (rel
277 765 471 843 Θεσσαλοῖς)
493 763 578 850 μέγα
600 770 688 854 φῶς,
712 790 773 831 non
799 780 952 850 reputasse
975 771 1092 833 videtur
1112 791 1187 852 quos

114 879 195 932 reete
212 873 316 933 statuit
331 878 450 934 cantare
466 891 542 951 quae
558 873 645 934 Chiro
658 873 831 934 vaticinatus
843 881 888 934 est
900 874 1063 935 Centauros
1076 876 1187 954 optime

114 974 190 1035 filios
206 975 366 1036 Thessalos
383 975 429 1035 uel
444 975 613 1035 Thessaliae
633 975 709 1035 lilios
732 976 881 1055 appellari.
916 977 989 1037 mihi
1013 979 1134 1057 quidem
1155 979 1184 1039 id

92 1097 95 1103 ·
112 1077 265 1156 reputanti
280 1077 338 1138 hoc
353 1078 551 1138 certissimum
568 1077 663 1137 visum
680 1085 734 1149 est,
750 1077 866 1158 lapsum
882 1080 930 1141 hic
951 1099 1016 1142 esse
1038 1082 1184 1143 calamum

112 1180 239 1255 scribae,
257 1181 316 1260 qui,
333 1199 401 1241 cunt
412 1187 503 1259 poeta
520 1179 562 1240 sic
577 1180 754 1259 scripsisset,
1075 1168 1076 1172 ¹

337 1296 455 1372 παῖδες
479 1291 511 1360 οἱ
534 1295 718 1374 Θεσσαλίας
738 1296 821 1382 μέγα
844 1301 926 1385 φῶς,

111 1441 254 1502 perverse
270 1421 372 1500 legerit
388 1415 555 1483 Θεσσαλαί
576 1415 659 1500 μέγα
681 1420 763 1504 φῶς,
788 1441 847 1500 quo
864 1441 966 1483 errore
977 1442 1065 1502 porro
1083 1445 1116 1486 eo
1132 1426 1185 1486 ad-

112 1528 222 1587 ductus
238 1526 277 1586 sit
291 1533 325 1585 ut
347 1519 464 1595 παῖδες
489 1515 523 1583 αἱ
546 1523 583 1584 de
599 1543 652 1584 suo
669 1524 760 1585 daret.
920 1522 923 1526 ’

198 1647 252 1706 His
267 1645 424 1726 perpensis
440 1645 471 1705 in
487 1644 638 1723 stropbico
656 1662 740 1705 versu
763 1650 844 1705 recte
868 1646 1054 1707 instituendo
1075 1648 1184 1709 frustra

110 1751 257 1813 laboranti
273 1750 344 1811 mibi
359 1749 482 1810 feliciter
497 1748 603 1810 accidit
618 1757 651 1808 ut
667 1748 845 1809 Baccharum
869 1750 900 1809 in
916 1770 1005 1811 versu
1027 1751 1109 1822 410,
1133 1752 1185 1831 qui

111 1856 194 1917 locus
210 1855 292 1915 nullo
309 1854 399 1914 modo
414 1853 446 1913 in
462 1851 662 1932 suspicionem
678 1852 777 1912 vocari
793 1860 899 1931 potest,
917 1853 1049 1914 vocabuli
1064 1851 1185 1936 Πιερία

111 1960 237 2038 primam
255 1956 395 2036 syllabam
410 1955 576 2017 invenerim
594 1963 773 2033 correptam.
810 1955 849 2014 ibi
872 1956 951 2016 enim
974 1975 1066 2017 sensu
1087 1958 1182 2018 sanis-

113 2064 197 2134 simo,
214 2061 348 2121 codicum
365 2059 510 2138 scriptura
525 2058 715 2136 integerrima
738 2058 793 2118 sibi
815 2059 1000 2139 respondent
1022 2079 1047 2120 v.
1065 2059 1136 2120 400.
1153 2068 1183 2121 et

112 2185 138 2225 v.
155 2164 240 2235 425,

336 2278 458 2365 Πιερία
479 2272 634 2360 μούσειος
655 2273 742 2364 ἕδρα.

335 2378 419 2446 κατὰ
442 2376 529 2468 φοίος
550 2376 668 2456 νύκτας
690 2403 726 2444 τε
748 2379 857 2467 φίλας.

49 2507 51 2510 ⁴
111 2503 233 2593 Πιερία
247 2507 338 2587 igitur
353 2515 382 2567 et
398 2523 593 2585 quaecunque
609 2506 742 2567 eiusdem
759 2513 830 2566 sunt
852 2505 951 2584 stirpis
975 2515 1020 2567 est
1044 2507 1094 2567 ubi
1118 2507 1179 2586 pri-

112 2633 192 2676 mam
209 2612 347 2692 syllabam
365 2609 572 2688 corripuerim,
589 2607 714 2687 perinde
729 2627 763 2668 ac
777 2607 951 2670 vocabulum
968 2600 1077 2682 ιίέλιος
1093 2610 1179 2687 (Med.

115 2715 207 2777 1252.
224 2715 328 2776 Trach.
346 2713 442 2787 835.),
458 2719 595 2772 nostrum
611 2718 710 2771 autem
725 2705 879 2794 Πιερίδες
902 2729 964 2772 non
980 2718 1078 2791 potest
1094 2713 1180 2774 dubi-

110 2820 168 2898 tari
184 2819 257 2899 quin
269 2824 335 2896 apte
350 2816 531 2896 respondeat
546 2814 766 2895 antistropbicis
782 2815 878 2876 verbis
890 2834 965 2895 quae
977 2823 1048 2877 sunt
1063 2812 1182 2890 παῖδες

112 2915 158 3002 οἳ,
175 2921 288 2984 scilicet
304 2920 328 2981 si
345 2920 495 3000 positione
509 2917 685 2998 producitur
700 2925 831 2981 extrema
847 2918 964 2998 syllaba.

199 3024 284 3097 Quod
299 3031 398 3085 autem
415 3042 469 3101 pro
485 3022 627 3083 vocabulo
643 3015 676 3083 e'v
691 3023 849 3085 manifeste
864 3025 964 3103 spurio
979 3023 1180 3084 llircbboflius

111 3128 185 3208 poni
201 3127 293 3188 voluit
307 3121 410 3208 παρά,
428 3125 552 3205 obsequi
568 3144 629 3187 non
645 3146 777 3204 possum,
803 3144 865 3187 non
891 3127 987 3186 solum
1013 3128 1080 3207 quia
1108 3128 1182 3188 mihi

111 3231 234 3313 quidem
250 3230 363 3308 dactylo
379 3247 454 3308 opus
470 3237 516 3288 est
537 3229 588 3289 sed
610 3229 677 3308 quia
700 3229 748 3289 bic
768 3229 980 3309 qualiscunque
1000 3229 1180 3310 praepositio

111 3336 194 3397 nude
209 3334 304 3414 posita
320 3335 418 3393 locum
434 3332 543 3393 habere
564 3331 687 3391 omnino
709 3349 770 3392 non
790 3351 879 3411 posse
898 3332 1021 3393 videtur.
1055 3351 1183 3412 praepo·

112 3439 252 3501 sitionem
270 3437 350 3497 enim
372 3436 465 3496 solam
494 3435 519 3495 si
545 3435 720 3508 admiseris,
748 3435 915 3496 necessario
941 3435 984 3495 sic
1009 3435 1182 3515 coniunges,

110 3536 269 3625 Πιερίδες
291 3532 385 3621 παρὰ
409 3539 465 3612 (vel
480 3533 525 3613 ἐν)
550 3533 638 3599 δαιτί
659 3537 748 3600 θεῶν
770 3533 804 3599 a‘o
825 3536 867 3623 ppt
888 3533 1064 3620 κρούουσαι
1084 3529 1181 3618 ἴχνος,

110 3646 191 3707 unde
204 3646 261 3705 boc
278 3643 413 3714 efficitur,
431 3651 463 3703 ut
478 3641 580 3704 Musae
594 3642 630 3703 ad
647 3642 726 3704 Pelei
743 3642 860 3721 nuptias
876 3641 963 3703 ivisse
980 3643 1135 3705 videantur
1149 3643 1181 3704 in

108 3750 234 3811 deorum
252 3746 386 3813 convivio
403 3747 560 3817 saltantes,
578 3747 657 3825 quod
679 3745 843 3806 absurdum
863 3765 929 3807 esse
951 3765 1013 3808 non
1034 3757 1079 3809 est
1102 3747 1180 3827 quod

110 3870 260 3913 moneam.
296 3869 388 3930 quare
404 3850 461 3911 boc
475 3868 529 3930 pro
546 3856 626 3909 certo
643 3849 743 3921 habui,
760 3848 978 3911 substantivum
995 3851 1112 3930 aliquod
1128 3869 1181 3910 vo·
1251 3850 1253 3853 ’

108 3954 247 4016 sabulum
265 3953 407 4016 excidisse
423 3953 502 4033 quod
518 3971 586 4014 curn
604 3952 701 4014 verbis
717 3947 806 4013 dcccl
825 3952 915 4014 θεῶν
929 3973 998 4016 eum
1014 3956 1044 4016 in
1057 3954 1179 4015 modom
