2588 4522
533 272 766 337 -111-

108 449 145 503 ut
165 461 257 523 quam
277 443 431 505 celerrime
451 442 538 505 Troia
560 445 709 508 deleretur
729 448 891 529 Graecique
910 448 1032 511 domum
1053 459 1182 513 reverte-

107 553 228 619 rentur,
244 546 495 625 Agamemnonem
510 565 548 608 ne
564 547 674 610 diutius
686 562 854 613 moraretur
865 572 942 614 unus
953 574 988 615 ex
1000 555 1041 616 eis
1054 575 1182 635 quorum

109 649 222 713 domus
238 669 329 712 vaona
344 650 452 713 dicitur
463 652 646 731 impulsurus
657 661 808 715 essetnon
819 655 878 717 nisi
889 655 930 718 ita
940 657 1071 736 intellegi
1082 667 1183 739 posset

107 761 144 815 ut
159 754 373 816 menedemus
389 762 492 836 utpote
507 772 570 816 non
585 755 656 817 satis
679 765 781 818 eontra
801 759 903 820 hostes
924 760 1039 821 munita
1059 761 1181 824 domino

92 930 95 934 .
108 855 192 918 haud
206 856 290 918 facile
305 874 407 918 carere
421 857 484 918 visa
499 876 565 920 esse
580 866 750 938 putaretur,
775 861 834 922 duo
850 862 896 923 illa
918 881 992 942 quae
1019 884 1109 946 supra
1132 867 1182 927 di-

109 961 222 1023 stincta
236 970 309 1023 sunt
324 954 534 1023 condicionum
545 980 654 1041 genera
670 965 837 1026 necessario
854 968 995 1047 eomodo
1011 969 1181 1048 accipienda

110 1076 215 1128 essent
229 1073 264 1127 ut
275 1064 401 1128 caelibes
414 1066 535 1146 quidem
546 1085 652 1128 vacuas
664 1075 754 1148 atque
765 1067 896 1130 inermes
909 1070 1013 1132 domos
1026 1072 1182 1153 reliquisse

108 1168 299 1244 riderentur,
314 1170 392 1232 hene
408 1177 508 1231 autem
534 1178 633 1232 actum
659 1170 809 1233 videretur
834 1191 902 1234 cum
928 1174 1042 1249 alteriS,
1069 1177 1180 1258 quippe

110 1292 244 1355 quorum
254 1273 343 1334 rebus
356 1290 462 1334 uxores
473 1273 680 1352 prospicerent
691 1274 845 1354 liberique.
869 1295 943 1355 quae
955 1277 1037 1339 vides
1050 1286 1080 1339 et
1092 1298 1180 1359 quam

107 1379 175 1458 ipsa
189 1378 318 1439 absurda
334 1377 408 1451 sint,
425 1376 598 1457 praesertim
620 1396 689 1438 cum
711 1378 746 1439 de
766 1397 870 1457 regum
892 1381 1029 1442 domibus
1050 1382 1182 1463 ipsisque

107 1482 211 1562 regnis
227 1491 345 1561 agatur,
362 1488 493 1561 utquam
509 1480 608 1559 inepte
635 1480 714 1541 Pelei
739 1481 889 1542 minorem
915 1483 1027 1563 lingant
1052 1484 1182 1546 auetori-

108 1593 204 1647 tatem
218 1603 308 1664 quam
322 1583 553 1645 feminarumat
523 1590 613 1661 atque
639 1583 744 1644 infant
723 1591 808 1645 trum
843 1586 1069 1649 decoratissimo
1092 1589 1182 1667 igitur

108 1696 191 1771 patet
208 1706 312 1750 versus
328 1686 399 1748 805.
402 1686 563 1748 -ssout
534 1694 563 1746 et
578 1705 681 1748 versus
693 1686 764 1747 812
766 1687 880 1750 -818
897 1689 976 1750 inter
991 1710 1022 1752 se
1037 1710 1181 1770 pugnare,

110 1792 230 1855 etiamsi
244 1792 288 1852 vis
303 1791 449 1852 inferatur
463 1790 630 1851 sententiis

199 1896 266 1956 Vim
281 1902 380 1956 autem
398 1894 440 1954 eis
455 1912 530 1972 quae
545 1894 635 1953 modo
651 1893 863 1972 temptavimus
878 1913 945 1956 vere
961 1896 1142 1958 sententiis
1134 1917 1180 1958 m-

110 1999 184 2062 ierri
208 2018 276 2059 cum
291 1998 365 2077 ipsis
381 1997 436 2057 illis
453 1996 652 2057 demonstravi
666 1997 910 2076 temptaminibus
929 2007 993 2060 tum
1010 2001 1080 2062 inde
1095 2021 1183 2063 aecu-

109 2111 175 2165 rate
189 2101 379 2179 intellegetur
394 2100 473 2179 quod
488 2099 517 2160 id
534 2100 612 2179 quod
628 2116 710 2160 nunc
723 2100 806 2179 prins
823 2110 870 2162 cst
884 2103 1061 2176 membrum,
1077 2125 1182 2167 vacuas

112 2214 141 2268 et
155 2206 288 2267 inermes
303 2204 418 2265 relictas
434 2222 498 2264 esse
514 2204 635 2276 domos,
651 2204 677 2264 si
698 2223 764 2265 vera
784 2213 863 2267 esset
883 2206 931 2266 illa
954 2207 991 2268 de
1015 2227 1072 2288 qua
1093 2228 1181 2288 supra

115 2308 285 2389 expositum
301 2314 346 2368 est
357 2307 443 2384 ratio,
459 2306 632 2384 posterioris
648 2307 773 2367 membri
787 2307 886 2369 locum
908 2310 1042 2371 obtinere
1058 2330 1180 2373 neeesse

110 2419 201 2484 osset,
215 2410 245 2471 id
260 2409 337 2490 quod
355 2418 414 2471 tam
436 2408 545 2490 logices
561 2427 650 2487 quam
671 2410 833 2472 rhetorices
853 2411 965 2491 legibus
985 2414 1126 2492 postulari
1148 2433 1181 2474 ea

110 2516 221 2576 docent
246 2532 321 2594 quae
344 2520 500 2585 secuntur,
531 2505 617 2573 otto
645 2505 749 2586 δεινὸς
777 2507 968 2592 ἐμπέπτωκ’
998 2507 1081 2598 ἔρως
1101 2513 1180 2594 mu,

110 2618 177 2680 sine
193 2617 282 2678 dubio
294 2617 343 2677 illa
358 2616 478 2697 quidem
492 2615 528 2677 ad
544 2617 617 2677 haec
631 2616 796 2687 referenda,
813 2607 844 2677 oi
858 2612 916 2695 μὲν
927 2653 967 2660 -
982 2608 1090 2692 οἴκους
1104 2610 1183 2703 ἑρή·

109 2711 409 2802 prooemialiter,
433 2719 543 2800 quippe
559 2719 667 2800 quibus
686 2720 716 2779 id
738 2720 941 2782 contineretur
961 2722 1042 2801 quod
1065 2731 1094 2784 et
1114 2742 1182 2803 gru·

110 2826 177 2887 vius
193 2832 222 2885 et
235 2824 331 2885 solum
344 2832 446 2903 aptum
459 2830 537 2884 esset
548 2823 584 2883 ad
597 2823 665 2883 miri
676 2822 753 2884 illius
765 2824 874 2885 amoris
886 2825 944 2885 vim
957 2829 1179 2889 ostendendam.

111 2948 152 2991 ne
167 2930 275 3008 longus
291 2927 364 2988 sim:
394 2927 469 3007 quis,
493 2926 539 2988 cui
560 2946 632 2988 sana
648 2935 695 2988 est
714 2946 813 3001 mens,
836 2928 1002 2990 orationem
1029 2949 1115 2991 suam
1139 2930 1182 2991 sic

111 3027 278 3112 disponat?
300 3034 428 3091 uenimus
438 3031 493 3091 duc
505 3029 592 3091 elteri
597 3048 719 3110 prorsus
729 3050 836 3092 curtius
845 3034 987 3110 praesidio
999 3033 1181 3114 crucibusque

107 3134 245 3217 periculis
260 3135 407 3206 obnoxios,
423 3133 598 3196 alteritates
619 3154 638 3196 o
648 3136 784 3214 pem‘cult‘s
804 3139 887 3214 ioque
909 3146 1073 3198 nostrorum
1090 3154 1181 3216 prue-

111 3237 181 3301 sidio
199 3237 295 3298 dorum
308 3237 514 3318 relinquentes:
537 3235 604 3318 [tum
624 3233 810 3319 mirossomoes
824 3238 1041 3317 adscensumue
1056 3238 1184 3300 bellandi

111 3340 275 3422 cupiditate.

197 3444 303 3504 Restat
313 3442 403 3521 igitur
413 3450 445 3504 ut
456 3450 524 3504 uter
535 3443 617 3504 locus
628 3439 827 3525 secludendus
846 3440 886 3503 sit
905 3449 1071 3522 quaeratur.
1111 3451 1182 3504 suut

112 3544 195 3609 enim
214 3547 343 3608 fortasse
364 3547 472 3626 quibus
496 3546 576 3627 quod
599 3544 758 3606 manifesto
778 3564 854 3626 quae
874 3546 1008 3608 versibus
1031 3545 1092 3607 812
1115 3564 1180 3628 sqq.

112 3650 307 3713 continentur
322 3649 434 3729 optime
449 3649 481 3709 in
496 3648 638 3710 Achillem
653 3649 813 3729 quadrant,
829 3649 902 3710 alter
916 3650 998 3710 locus
1013 3649 1110 3728 primo
1126 3650 1182 3711 ad-

112 3761 216 3835 spectu
232 3752 264 3813 in
281 3751 371 3814 dubio
388 3759 433 3812 est
448 3768 521 3812 num
539 3760 605 3830 apte
620 3751 696 3812 adsit
710 3768 771 3811 non
787 3751 915 3813 sufficiat
935 3752 970 3812 ad
994 3771 1114 3813 oausam
1135 3753 1180 3813 di-

112 3856 314 3919 iudicandum:
339 3874 429 3934 quare
444 3862 611 3934 comparato
628 3854 794 3933 posteriore
813 3855 878 3915 loco
899 3857 1064 3917 accuratius
1079 3856 1180 3935 inqui·

112 3960 241 4022 rendum
272 3966 317 4020 est
343 3959 373 4017 in
399 3958 497 4018 locum
522 3956 662 4036 priorem.
708 3955 765 4028 Qui
797 3965 897 4019 autem
923 3960 1055 4039 priorem
1081 3959 1180 4018 locum
