2588 4522
544 287 763 346 ..11-

111 456 303 518 scholiastam
320 466 371 517 aut
393 456 532 517 fefellisse
554 458 584 516 iu
607 457 654 516 his
676 456 857 517 scribendis:
882 453 951 518 ἔστι
975 453 1012 514 δὲ
1034 451 1070 515 ιδ
1094 474 1182 534 παρ-

112 563 305 642 εγκείμενον
327 557 362 630 ἐξ
377 554 571 642 Ἰφιγενείας
593 559 649 640 τῆς
671 556 706 621 ἐν
733 554 868 621 Αὐλίδι.

200 665 288 726 Vides
303 664 395 743 igitur
410 683 448 725 ne
462 663 569 724 tantuli
591 662 710 742 quidem
731 663 819 742 pretii
841 681 907 723 esse
928 662 985 722 ista
1007 669 1180 741 argumenta

113 768 320 847 acerrimeque
334 767 566 846 reprehensione
582 766 704 845 dignum
721 784 787 826 esse
805 765 911 846 siquis
935 773 1038 827 nostra
1060 785 1178 846 quoque

112 878 211 933 aetate
228 871 410 932 sententiam
423 870 502 930 illam
515 878 650 930 tueretur
662 870 814 930 deiterata
830 869 1000 948 Iphigeniae
1010 867 1180 929 Aulidensis

112 974 244 1036 editione
259 973 355 1054 deque
371 973 493 1052 singulis
506 974 568 1033 eius
576 972 713 1053 partibus
726 973 771 1034 vel
784 981 919 1034 accurate
930 971 1097 1033 retractatis
1112 990 1184 1050 pas—

112 1078 232 1158 simque
247 1077 369 1138 mntatis
386 1075 432 1137 vel
455 1060 582 1136 enecatis
605 1085 634 1136 et
656 1077 882 1156 qualencunqne
902 1076 934 1136 in
956 1075 1078 1135 modum
1101 1093 1182 1135 com-

113 1180 249 1260 pensatis
265 1199 333 1241 cum
349 1179 421 1240 locis
436 1196 542 1240 recens
558 1179 739 1259 compositis.
775 1180 834 1241 Sed
850 1180 875 1241 si
891 1179 956 1259 quis
966 1178 1099 1240 scholion
1111 1177 1182 1238 illud

115 1303 228 1363 eiquo
244 1283 355 1363 pendet
369 1282 466 1343 omnis
483 1282 654 1362 disputatio,
671 1275 755 1344 οὕτω
779 1280 817 1344 δὲ
839 1281 894 1344 καί
911 1278 947 1342 αἱ
964 1277 1183 1344 διδασκαλίαι

114 1388 270 1469 φέρουσι,
293 1375 546 1467 τελευτήσαντος
570 1379 758 1467 Εὐριπίδου
788 1383 846 1447 τὸν
873 1379 947 1447 vida
969 1380 1070 1447 αὐτοῦ
1092 1380 1185 1444 δεδι-

115 1484 255 1567 δαχέναι
280 1479 464 1569 ὁμωνύμως
492 1485 528 1550 ἕν
556 1484 650 1550 ἄστει
673 1482 871 1570 Ἰφιγένειαν
900 1485 959 1569 τὴν
987 1483 1022 1549 ἐν
1055 1481 1184 1548 Αὐλίδι

111 1589 322 1673 Ἀλκμαίωνα
345 1583 496 1669 Βακχας,
521 1610 555 1652 ea
571 1590 596 1651 si
612 1590 679 1670 quis
696 1591 739 1652 sic
759 1590 950 1670 interpretari
971 1589 1053 1663 velit,
1074 1598 1185 1651 utnon

115 1695 209 1776 patris
226 1695 279 1757 sed
295 1695 347 1757 lilii
360 1695 425 1756 illas
447 1693 562 1755 fabulas
584 1693 675 1755 fuisse
697 1694 788 1766 dicat,
812 1695 891 1756 unde
911 1694 1081 1774 Iphigeniae
1102 1693 1184 1755 Auli-

114 1799 218 1861 dcnsis
234 1798 356 1860 nomine
372 1797 529 1877 inscriptas
544 1797 658 1859 fabulas
674 1798 747 1858 duas
762 1796 855 1857 fuisse
871 1796 1005 1876 colligere
1028 1815 1114 1876 posse
1129 1795 1185 1857 sibi

113 1902 263 1973 videatur,
286 1903 408 1963 alteram
429 1920 445 1962 a
466 1901 579 1961 maiore
594 1899 736 1979 Euripide
762 1907 792 1961 et
824 1900 963 1980 scriptam
997 1907 1026 1961 et
1055 1900 1184 1971 doctam,

115 2006 240 2068 alteram
256 2005 381 2066 minoris
393 2005 552 2084 Euripidis,
569 2004 681 2064 adierat
693 2022 804 2084 quaeso
816 2003 1000 2064 testimonia:
1025 2004 1184 2084 quaedum
1240 2004 1246 2009 ’

113 2108 325 2188 conquisiverit
339 2107 411 2169 mihi
435 2115 464 2168 ct
479 2106 707 2187 quibuscunque
729 2115 809 2167 certa
832 2106 965 2187 quamvis
986 2106 1130 2186 simplicia
1151 2126 1185 2169 ac

116 2211 250 2301 vulgaria
272 2211 368 2291 placet
390 2211 540 2290 praeferre
562 2210 685 2271 incertis
713 2210 849 2290 quamvis
874 2210 1030 2290 ingeniose
1054 2211 1183 2271 inventis

111 2323 230 2376 tantum
248 2315 334 2376 bceat
348 2313 524 2375 scholiastae
538 2313 672 2375 tribuere
688 2313 870 2374 auctoritatis
887 2321 921 2374 ut
936 2315 1084 2377 minorem
1095 2314 1184 2376 Enri-

111 2419 216 2499 pidem
231 2417 389 2479 credamus
404 2416 518 2478 fabulas
535 2417 670 2477 docuisse
686 2417 827 2478 amaiore
838 2417 979 2497 Euripide
991 2403 1183 2496 conscriptas.

112 2521 170 2583 hac
185 2520 314 2583 enimin
330 2520 477 2582 sententia
493 2519 830 2598 luissegrammaticum
847 2528 880 2582 ut
895 2538 977 2581 nunc
995 2519 1118 2600 quidem
1133 2527 1182 2580 ta-

111 2643 196 2686 ceam
211 2624 249 2685 de
265 2624 406 2685 vocabulo
423 2615 625 2704 ὁμωνύμως,
642 2623 780 2684 lacilhme
795 2623 940 2702 colligitur
955 2643 990 2683 ex
1001 2623 1042 2684 eis
1055 2641 1181 2703 quorum
1200 2626 1203 2631 ’

111 2727 279 2790 illustrandi
296 2746 385 2788 causa
400 2727 448 2788 illa
464 2727 500 2787 de
516 2727 609 2787 tribus
626 2726 733 2787 fabulis
749 2734 818 2806 post
837 2734 964 2787 mortem
980 2726 1128 2807 Euripidis
1144 2727 1176 2788 in

111 2849 232 2894 scenam
248 2831 355 2892 delatis
374 2830 533 2892 scholiasta
555 2830 720 2910 adscripsit.
755 2829 898 2892 nimirum
919 2831 1051 2893 Bacchus
1073 2850 1180 2910 magno

110 2955 144 2999 se
160 2934 308 2996 desiderio
331 2934 435 3013 agitari
461 2934 532 2995 dicit
557 2935 669 2995 mortui
698 2934 861 3014 Euripidis,
896 2934 974 3015 quod
1003 2934 1181 2996 desiderium

111 3038 253 3102 omnibus
263 3037 493 3099 Atheniensibus
507 3055 665 3099 commune
678 3057 745 3100 cunt
758 3057 793 3099 ex
805 3038 869 3100 aliis
881 3047 944 3099 tum
953 3038 1023 3100 inde
1038 3056 1182 3119 apparere

109 3142 265 3204 videbatur
284 3141 461 3203 scholiastae
485 3142 563 3221 quod
585 3142 674 3204 etiam
699 3143 809 3203 mortui
830 3149 936 3222 poetae
959 3142 1075 3204 fabulae
1096 3120 1179 3204 actae

110 3252 192 3316 sunt,
209 3245 238 3305 id
255 3244 334 3324 quod
350 3245 493 3306 adnotare
509 3245 536 3306 ei
549 3263 610 3305 non
626 3244 678 3306 abs
690 3263 723 3306 re
734 3246 831 3306 visum
841 3254 893 3306 est.
930 3264 984 3307 nos
997 3253 1096 3306 autem
1109 3246 1181 3324 quid

110 3357 192 3410 vetat
207 3348 240 3409 in
256 3349 360 3409 cadem
376 3366 496 3409 manere
512 3348 661 3409 sententia
677 3347 707 3408 in
728 3367 786 3427 qna
806 3348 864 3409 fuit
884 3345 1066 3409 schohasta‘?
1088 3349 1180 3411 immo

110 3471 172 3533 quo
191 3451 314 3512 tandem
337 3450 425 3511 modo
447 3450 516 3511 licet
542 3452 573 3511 in
597 3452 684 3511 aliam
708 3451 858 3514 discedere
886 3449 1090 3513 sententiam?
1113 3473 1180 3515 cum

110 3555 182 3616 satis
199 3554 268 3615 lldci
283 3554 475 3633 grammatico
492 3556 610 3615 accedat
627 3574 662 3615 cx
678 3555 721 3616 eis
734 3574 809 3635 quae
822 3574 944 3635 prorsus
957 3558 1179 3618 consentientes

116 3659 226 3720 Suidas
241 3658 366 3719 tradunt
382 3665 411 3718 et
426 3658 477 3737 qui
493 3658 581 3719 vitam
605 3659 735 3720 narravit
755 3658 912 3738 Euripidis.
947 3660 1020 3721 alter
1041 3660 1121 3721 enim
1145 3661 1181 3721 de

115 3762 257 3843 Euripide
272 3760 437 3823 Mnesarchi
454 3762 498 3822 vel
514 3761 725 3824 Mnesarchidis
739 3761 799 3822 fibo
815 3761 888 3824 haec
903 3763 1010 3839 tradit,
1026 3765 1118 3836 νίκας
1141 3760 1178 3824 δὲ

109 3863 217 3928 είλετο
240 3860 276 3938 e',
300 3861 358 3936 τὰς
373 3863 432 3943 μὲν
447 3866 610 3947 τέσσαρας
626 3856 762 3947 neptale,
785 3862 842 3946 τήν
865 3863 903 3927 δὲ
918 3867 1000 3945 μίαν
1015 3863 1098 3948 μετὰ
1118 3885 1172 3927 ce-

107 3960 234 4052 λεοτήν,
268 3962 515 4046 ἐπιδειξαμένου
548 3960 585 4029 τὸ
624 3964 732 4050 δρᾶμα
765 3969 823 4030 τοῦ
856 3960 1036 4052 ἀδελφιδοῦ
1069 3952 1183 4031 adron*
