2588 4522
536 283 750 346 ...95-

112 451 282 513 cinniorem
298 451 363 512 fieri
386 470 558 514 sermonem
579 455 851 534 expeditionemque
872 456 1033 536 procedere
1056 465 1179 520 senten-

111 556 195 632 tiam,
216 562 316 616 tamen
338 557 474 617 consulto
501 575 516 617 a
542 565 631 637 poeta
656 559 728 620 haec
753 559 908 620 interiecta
933 579 998 621 esse
1024 560 1092 639 quis
1117 578 1180 621 non

110 652 215 719 videt?
237 659 318 721 domi
334 660 414 720 enirn
428 670 545 741 patrem
561 661 692 723 retinere
708 662 830 741 cupiens
847 662 1007 742 Iphigenia,
1022 670 1180 743 postquam

110 762 249 842 precibus
275 763 348 824 nihil
375 765 501 844 profecit
529 764 616 840 (vers.
638 766 700 827 656
723 770 788 845 sq.)‚
813 784 894 826 nunc
920 766 1006 827 aliam
1033 767 1179 828 rationem

110 873 264 945 temptans
280 876 383 928 monet
406 887 497 948 quam
518 869 642 948 longum
666 870 808 949 temporis
831 870 960 949 spatium
982 869 1086 930 Aulide
1112 889 1179 930 mo-

109 978 193 1032 ratus
210 988 290 1032 nunc
311 966 431 1053 quoque
452 973 541 1033 domo
562 979 647 1052 pater
666 974 751 1034 absit.
786 973 834 1034 ille
855 991 925 1034 vero
948 973 1107 1034 miserrimi
1127 973 1180 1033 fati

110 1093 234 1155 semper
248 1093 365 1136 memor
380 1075 516 1138 animum
531 1084 630 1137 totum
646 1077 682 1138 ad
697 1077 816 1138 tristem
831 1077 910 1138 illam
927 1096 985 1157 qna
1000 1076 1110 1139 morari
1126 1094 1179 1137 co-

111 1185 196 1238 actus
213 1178 251 1238 sit
266 1197 385 1239 oausam
400 1185 550 1241 attentum
565 1179 663 1242 habet.
698 1199 790 1259 qnare
804 1181 901 1260 puella
922 1181 1033 1242 frustra
1053 1201 1085 1242 se
1107 1199 1179 1260 ope·

109 1300 176 1344 ram
197 1300 374 1344 consumere
395 1283 581 1362 intellegens,
602 1302 677 1362 quae
697 1284 844 1345 mobilitas
874 1292 920 1345 est
939 1284 1179 1375 puerilis‘animp}

112 1386 214 1447 missis
229 1386 285 1449 illis
301 1387 449 1448 exercitus
470 1387 625 1450 traiciendi
645 1373 800 1449 mentione
824 1395 905 1449 mota
929 1387 1045 1448 curiose
1066 1388 1180 1467 quaerit

110 1509 258 1571 quaenam
274 1492 359 1552 sedes
375 1491 414 1552 sit
429 1491 587 1572 Phrygum.
621 1493 673 1552 scd
689 1499 806 1571 patrem
822 1490 1021 1563 discessurum
1043 1510 1108 1552 esse
1124 1491 1181 1552 ite·

109 1613 179 1656 rum
195 1594 366 1675 iterumque
381 1595 561 1668 recordatur,
577 1602 611 1656 nt
627 1614 695 1655 cum
711 1595 829 1656 aliunde
845 1603 909 1656 tum
930 1614 966 1656 ex
985 1595 1034 1655 illo
1056 1603 1180 1674 apparet

110 1698 193 1778 qnod
210 1705 254 1759 est
271 1718 297 1758 v.
313 1699 396 1772 664„
411 1690 520 1759 λιπών
534 1692 600 1778 ἐμέ.
635 1707 766 1760 ceterum
782 1706 862 1760 recte
877 1699 909 1760 in
924 1700 984 1760 fine
1005 1698 1093 1760 huius
1112 1716 1180 1759 ver-

111 1802 1179 1866 susElmsleiusHermannusG.Dindorfiuinrchhoffius

110 1906 317 1984 interrogandi
332 1907 451 1985 signum
467 1907 656 1979 deleverunt,
677 1926 734 1986 qua
758 1907 942 1968 correctione
955 1905 1089 1983 ¹minime
1115 1905 1180 1966 efli-

111 2009 191 2070 citur
205 2017 239 2070 ut
254 2010 355 2071 minus
370 2010 454 2072 facile
468 2010 517 2070 bic
531 2028 633 2071 versus
649 2010 809 2090 excipiatur
827 2011 854 2071 ei
864 2011 914 2090 qui
932 2009 1075 2089 sequitur.
1099 2009 1180 2069 Paris

110 2122 211 2176 autem
226 2114 278 2175 ubi
293 2113 441 2176 habitaret
456 2113 596 2175 omnibns
612 2122 718 2175 notum
734 2122 798 2177 erat
813 2115 919 2194 opinor
939 2114 985 2175 vel
1005 2113 1179 2175 infantibus.

477 2323 624 2400 runs.
657 2323 731 2400 cca
760 2351 813 2423 sq.

201 2519 329 2583 XXXIV.
343 2554 386 2564 —
406 2520 529 2582 Paleio
551 2521 670 2600 spurios
691 2522 745 2581 hos
767 2538 870 2581 versus
887 2519 1026 2580 censenti
1048 2537 1109 2580 non
1125 2520 1179 2580 ad-

110 2625 238 2696 sentior,
255 2645 322 2686 cum
338 2631 367 2685 ct
384 2624 557 2696 sententiae,
574 2643 649 2704 quae
666 2624 778 2703 optimc
793 2622 931 2701 cognosci
952 2631 1094 2702 possunt,
1118 2639 1177 2683 non

111 2729 204 2791 modo
223 2727 328 2806 dignae
346 2728 486 2808 Euripide
512 2727 585 2788 mihi
610 2726 767 2788 videantur
790 2728 843 2788 sed
869 2727 960 2807 ipsius
988 2727 1050 2788 eius
1076 2734 1180 2806 poetae

109 2833 359 2894 consuetudinem
387 2840 416 2893 et
430 2839 525 2893 artem
541 2832 614 2892 mihi
641 2831 762 2912 quidem
788 2831 916 2911 prodant
942 2851 1039 2913 neque
1065 2830 1179 2909 singula

109 2936 212 3009 verba,
227 2935 362 3017 quamvis
378 2955 412 2997 ea
427 2955 504 3015 quae
520 2935 693 3017 exciderunt
704 2937 782 2997 male
794 2936 830 2997 ab
841 2936 1031 2998 emendatore
1042 2934 1180 2996 restituta

108 3041 181 3112 sint,
197 3059 265 3102 vere
281 3059 383 3103 ansam
397 3040 558 3120 praebeant
571 3039 759 3120 suspicionis.
793 3039 835 3100 Ac
845 3041 944 3120 priore
956 3039 1076 3120 quidem
1093 3056 1180 3099 versu

110 3145 297 3224 Agamemno
312 3152 411 3224 aperte
426 3144 483 3205 hoc
498 3143 580 3216 dixit,
594 3147 625 3204 in
636 3144 755 3205 eundem
765 3148 956 3205 necessc'tutem
968 3152 1050 3223 atque
1062 3161 1110 3222 epo
1122 3143 1180 3204 ud-

114 3249 286 3319 cineracei.
302 3257 376 3309 otu
392 3267 510 3328 quoque
531 3265 672 3326 magnum
698 3246 755 3308 iter
781 3246 879 3308 facies.
915 3246 1057 3306 nimirum
1080 3263 1179 3326 neque

113 3350 247 3415 dubitari
268 3359 366 3433 potest
392 3352 465 3432 quin
487 3351 535 3412 hic
561 3369 665 3414 versus
691 3351 727 3411 ad
759 3369 828 3410 eum
855 3350 1030 3412 referendus
1058 3349 1096 3411 sit
1128 3349 1180 3429 qui

112 3455 249 3535 proxime
264 3456 424 3517 antecessit
440 3475 539 3536 neque
554 3456 594 3516 ila
610 3474 678 3525 eum
695 3454 827 3535 accipere
848 3455 917 3516 licet
939 3455 1024 3534 qnasi
1044 3454 1180 3514 consulto

111 3559 253 3637 ambigue
269 3559 365 3620 dictus
382 3579 446 3621 eam
463 3558 663 3638 suspicionem
676 3558 843 3638 lphigeniae
863 3555 980 3620 moueat
998 3566 1032 3620 ut
1050 3558 1082 3618 in
1106 3575 1180 3618 enn-

113 3662 182 3723 dem
197 3661 231 3722 in
247 3680 336 3742 quem
352 3671 436 3743 pater
450 3663 638 3742 prolecturus
653 3671 700 3724 est
714 3665 812 3726 locum
828 3683 860 3724 se
875 3669 1028 3723 venturam
1045 3680 1110 3722 esse
1124 3679 1182 3739 pu·

114 3771 168 3827 let
209 3781 340 3844 namque
361 3764 576 3845 impedimento
598 3772 643 3826 est
665 3766 735 3827 illud
755 3759 855 3848 ἥκεις,
877 3766 957 3845 quod
983 3771 1084 3845 aperte
1110 3781 1181 3841 per-

116 3867 224 3930 fectam
241 3868 389 3931 actionem
403 3868 519 3930 indicat.
552 3867 591 3928 Et
612 3868 662 3948 qui
678 3868 813 3948 seqnitur
838 3887 941 3929 versus
961 3868 1116 3930 manifeste
1136 3873 1182 3927 te-

117 3977 211 4033 statur
219 3978 304 4032 recte
313 3971 499 4050 Iphigeniam
509 3971 540 4032 id
550 3970 732 4032 intellexisse
744 3971 823 4051 quod
832 3970 1002 4050 intellegere
1014 3987 1078 4031 eam
1091 3967 1182 4029 voluit
