2588 4522
533 282 766 341 -147-

107 453 227 515 cidisse.
261 453 350 515 aliam
365 451 484 532 quidem
500 459 617 532 praeter
633 452 704 512 alios
719 452 864 513 rationem
888 451 1018 513 inierunt
1040 453 1070 512 b.
1090 452 1182 512 [tin-

111 553 334 633 dorfiusm),
376 557 426 636 qui
462 555 613 621 mutandis
648 555 773 634 singulis
816 555 937 629 litteris,
979 566 1008 616 et
1052 556 1183 617 Kirch-

111 657 329 739 nofriusfl'),
344 661 397 742 qui
412 668 471 723 tam
487 658 621 722 versibus
636 660 869 739 transponendis
890 679 979 740 quam
995 661 1091 722 verbis
1114 681 1180 722 rnu-

111 763 214 826 tandis
228 783 334 827 sanam
349 764 529 827 sententiam
542 783 575 825 ac
589 763 808 826 cohaerentiam
824 781 962 824 revocare
978 764 1108 824 studuit:
1132 766 1183 826 sed

112 870 259 951 quoniam
273 877 402 950 uterque
417 888 520 931 eorum
536 867 661 929 nimiam
677 885 738 928 non
752 867 849 947 potuit
862 866 952 928 vitare
965 867 1183 942 obscuritatem,

112 972 144 1034 id
160 974 241 1053 quod
257 973 427 1035 necessario
443 971 548 1034 accidit
563 971 730 1051 cuicunque
747 970 863 1031 videtur
877 991 892 1032 a
909 971 1065 1033 statuenda
1081 971 1184 1033 lacuna

112 1075 329 1138 abstinendum
347 1093 427 1149 esse,
449 1092 511 1135 non
537 1074 620 1155 potui
647 1093 708 1135 non
734 1082 838 1134 tenere
865 1075 944 1154 quod
970 1075 1034 1155 ipse
1062 1075 1184 1137 conieci.

115 1180 223 1260 Neque
236 1187 339 1242 tamur
353 1178 517 1241 audiendus
530 1179 645 1239 videtur
660 1178 751 1238 Hart
761 1197 779 1238 u
788 1196 857 1256 ngu
866 1197 895 1251 s,
911 1179 962 1258 qui
974 1188 1009 1240 ut
1018 1197 1110 1259 quem
1122 1181 1185 1260 ipse

113 1285 172 1346 sibi
186 1283 274 1349 finxit
287 1283 443 1345 induceret
457 1301 576 1344 versum
592 1281 665 1342 satis
680 1281 816 1361 ineptum
832 1281 996 1343 mutatione
1008 1302 1107 1346 carere
1124 1303 1185 1344 non

113 1388 214 1468 potuit
229 1388 366 1449 inversu
383 1385 483 1460 1179„
502 1385 594 1447 multo
608 1384 714 1446 melius
731 1384 956 1447 Matthiaeus
972 1387 1103 1449 indicare
1114 1388 1185 1450 satis

113 1488 219 1552 babuit
241 1490 322 1570 quod
342 1490 455 1569 putavit
475 1488 506 1549 in
529 1488 684 1568 deperdito
704 1507 793 1549 versu
813 1488 920 1559 fuisse,
941 1481 1041 1552 πάλιν
1063 1485 1186 1574 ἀφίξει.

113 1594 227 1656 Verum
243 1593 316 1675 quid
332 1593 472 1655 exciderit
488 1592 612 1654 minime
632 1600 732 1673 potest
753 1591 896 1664 dubitari,
924 1593 949 1654 si
976 1593 1098 1673 quidem
1125 1612 1186 1654 non

116 1698 207 1759 modo
223 1715 300 1778 quae
314 1698 494 1758 antecedunt
509 1696 561 1758 sed
576 1716 645 1776 prae
661 1697 769 1758 ceteris
785 1715 861 1776 quae
872 1704 1013 1758 secuntur
1029 1697 1099 1778 quid
1112 1698 1188 1759 desit

117 1800 148 1863 in
162 1799 270 1861 ordine
284 1799 502 1862 sententiarum
518 1799 738 1862 accuratissime
755 1800 893 1861 indicant.
928 1799 1069 1862 nimirum
1085 1821 1119 1862 ea
1136 1820 1187 1881 ap-

119 1911 201 1983 paret
215 1904 321 1966 lacuna
337 1903 479 1965 exhausta
494 1922 561 1964 esse
577 1902 685 1984 quibus
701 1903 737 1964 ad
754 1924 787 1965 ea
811 1904 1047 1983 respondebatur
1070 1923 1144 1984 quae
1160 1925 1187 1965 v.

121 2005 211 2067 1173.
228 2005 347 2088 quaerit
361 2006 426 2086 ipsa
442 2007 688 2087 Clytaemnestra:
718 2026 778 2087 quo
794 2006 894 2067 animo
916 2024 983 2085 erga
1005 2015 1033 2068 te
1055 2026 1103 2068 me
1124 2027 1188 2069 esse

115 2106 230 2190 putas?
247 2110 294 2171 bis
306 2110 388 2172 enim
401 2117 559 2191 postquam
572 2110 683 2173 addidit
699 2130 786 2191 quam
799 2110 932 2174 amiserit
943 2112 1034 2172 tiliam
1047 2118 1080 2172 ut
1092 2110 1188 2172 inter-

116 2213 239 2275 fectoris
256 2212 352 2292 patris
367 2212 492 2275 minime
508 2214 669 2275 immemor
681 2232 800 2294 semper
811 2215 925 2276 luctura
940 2215 989 2287 sit,
1002 2215 1066 2287 tole,
1082 2214 1189 2294 inquit,

115 2336 196 2379 meae
211 2335 282 2397 erpa
297 2326 322 2377 te
338 2316 544 2378 beneuolentiae
555 2321 718 2397 praemium
730 2322 757 2378 si
764 2319 924 2398 reliqueris,
938 2337 973 2378 αε
984 2328 1065 2398 putes
1076 2317 1189 2378 domurn

114 2436 265 2481 reversum
279 2438 323 2480 mc
338 2419 390 2480 tibi
403 2420 570 2481 berceolum
588 2430 613 2481 te
629 2424 814 2481 trecentorum
833 2439 905 2482 esse:
939 2438 1009 2481 nam
1035 2419 1091 2479 levi
1117 2438 1188 2479 sane

116 2542 195 2602 opus
209 2522 267 2584 erit
282 2531 447 2602 praetextu,
463 2523 482 2583 i.
499 2543 524 2583 e.
541 2523 624 2584 facile
639 2523 805 2602 reperietur
816 2532 995 2603 praetextus,
1013 2543 1071 2602 quo
1088 2530 1120 2583 ut
1136 2522 1187 2583 de—

114 2626 195 2687 bebo
211 2633 242 2688 te
256 2625 407 2707 accipiam.
440 2626 492 2688 His
507 2626 596 2706 igitur
610 2625 754 2705 reputatis
776 2625 808 2686 in
831 2633 962 2687 extremo
984 2645 1074 2687 versu
1098 2624 1188 2686 1178.

115 2731 208 2811 plene
223 2730 440 2812 interpungens
456 2732 529 2792 haec
543 2730 700 2810 temptavi:

220 2825 347 2896 recordo
368 2826 490 2913 μισθὸν
513 2823 712 2909 καταλιπών,
735 2825 819 2915 πρὸς
840 2825 916 2905 τοὺς
939 2828 1060 2912 δόμους

222 2923 257 2998 εὗ
279 2927 523 3022 χρώμενόςμοι
543 2936 613 3016 μῶν
636 2932 741 3011 δοκεῖς
762 2929 851 3022 ἥξειν
872 2932 988 3017 πάλας

223 3033 298 3103 ἐπεὶ
318 3036 472 3125 βραχείας
492 3037 560 3103 κτλ.

208 3142 270 3204 Νεε
284 3152 386 3206 tamen
400 3143 432 3206 in
447 3144 493 3206 his
508 3144 758 3225 acquiescendum
775 3152 828 3217 est,
845 3146 871 3205 si
887 3144 1006 3224 quidem
1028 3151 1131 3223 aperto
1147 3144 1190 3203 vi-

116 3245 162 3307 tio
178 3244 293 3308 laborat
308 3267 411 3311 versus
427 3248 526 3322 1180„
542 3267 631 3330 quem
645 3247 723 3327 quod
735 3251 857 3309 fuerunt
869 3248 920 3328 qui
932 3265 1037 3308 sanum
1050 3252 1191 3325 putarent

118 3386 337 3396 ——-——-—..

192 3470 237 3535 rio)
339 3465 444 3526 τοιόνδε
455 3473 550 3541 μῦθον
561 3468 719 3527 καταλιπὼν
729 3469 799 3546 πρὸς
810 3468 871 3532 τοὺς
882 3467 985 3542 δόμους

335 3558 410 3611 ἕπει·
428 3562 555 3628 βραχείας
566 3551 735 3628 προφάσεως
747 3559 819 3614 ἐνδεῖ
827 3553 917 3627 μόνον

336 3646 390 3696 κτλ.

195 3731 238 3793 ¹⁷³)
341 3727 424 3789 αὐτὸς
435 3727 548 3797 κτανών,
561 3730 610 3784 οὐκ
622 3725 699 3790 ἄλλος
711 3727 771 3784 οὐδ’
785 3727 851 3802 ἄλλῃ
859 3733 938 3803 χερί·

335 3816 396 3869 ἐπεὶ
406 3821 532 3890 βραχείας
544 3811 709 3890 προφάσεως
721 3817 775 3871 ἔδει
785 3815 882 3887 μόνον.

337 3896 443 3954 τοιόνδε
455 3900 563 3972 μισθὸν
575 3901 732 3957 καταλιπὼν
743 3897 842 3977 πρόσει
856 3893 970 3971 δόμους,Ι

337 3987 384 4060 ἐφ’
400 3977 421 4058 ᾧ
436 3986 464 4041 α’
478 3986 531 4060 ἐγώ
544 3991 599 4042 κτλ,
930 4062 979 4117 1οᾑ
