2588 4522
536 317 578 328 -
622 282 749 345 97·-

197 451 333 514 Ceterum
349 450 381 512 in
397 471 433 513 co
448 453 499 532 qui
513 454 648 533 sequitur
662 472 749 515 versu
760 470 858 533 neque
874 453 1064 514 Porsonus
1079 469 1178 533 neque

108 553 318 628 Nauchius‚
334 573 462 635 quorum
477 556 552 617 alter
572 547 620 616 ἔτ’
637 547 707 618 ἔστι
721 557 794 618 alter
808 549 920 619 ἔπεστι
944 556 1083 628 coniecit,
1105 556 1178 616 mihi

107 657 336 721 satisfecerunt
351 658 817 732 etadmirorsHermannum,
840 660 891 740 qui
910 661 988 739 quod
1011 660 1075 739 ipse
1093 660 1178 720 inve-

108 769 213 834 nerat,
241 753 311 822 ἀλλ’
337 753 415 840 ἔστι,
443 771 545 842 postea
558 758 607 834 1120)
634 762 761 824 Porsoni
786 763 973 824 coniecturae
999 763 1197 843 postposuit..

107 864 205 925 immo
221 872 251 926 et
266 863 353 944 plane
367 884 619 945 supervacaneum
632 874 677 928 est
692 857 740 926 ἔτι
756 884 855 945 neque
866 866 1007 945 particula
1023 854 1108 928 ἄλλά
1122 869 1180 930 hoc

111 964 248 1048 quidem
263 968 327 1028 loeo
354 986 455 1029 carere
474 988 642 1050 possumus
670 969 764 1046 (verbi
789 988 877 1031 causa
903 969 940 1030 cl.
966 988 993 1028 v.
1020 970 1115 1047 647.).
1150 979 1179 1033 at

107 1067 337 1148 AAAECTI,
368 1072 394 1132 si
423 1072 586 1134 litterarum
625 1073 736 1135 formas
750 1071 943 1151 respicimus,
965 1072 1108 1134 librorum
1138 1075 1179 1135 illi

108 1171 318 1234 AJTEJCTI
328 1193 391 1236 non
402 1176 502 1237 minus
516 1177 611 1238 simile
627 1184 672 1238 est
687 1194 776 1256 quam
784 1173 946 1237 ETECTI
953 1176 998 1236 vel
1009 1175 1179 1239 EHECTI.

558 1351 604 1426 V.
635 1346 724 1424 678.

199 1544 319 1608 XXXV.
340 1547 486 1620 -Quod
514 1542 815 1621 Hermannus¹²¹l
842 1545 973 1616 monuit,
1003 1556 1070 1625 post
1095 1567 1182 1609 voca·

110 1652 219 1713 bulum
237 1642 326 1722 ἐντός
341 1650 399 1710 duo
414 1649 598 1711 hemistichia
613 1650 770 1724 excidisse,
788 1650 891 1732 quain
912 1668 945 1710 re
965 1650 1181 1711 adsentientem

112 1755 221 1817 habuit
235 1752 423 1814 Kirchhof
428 1752 533 1826 lium,
549 1754 713 1814 accuratius
740 1755 875 1835 exposuit
901 1771 997 1832 nuper
1012 1753 1182 1827 Weilius‚

113 1859 200 1920 cuius
227 1856 362 1918 adscribo
391 1855 485 1916 verba.
521 1864 698 1925 „comment
724 1874 869 1937 supposes
894 1855 942 1937 qu’
968 1856 1118 1935 Iphigenie
1144 1857 1183 1918 ait

113 1960 223 2025 amend
238 1979 286 2020 ses
302 1975 502 2037 compagnons
518 1959 591 2020 dans
607 1960 634 2021 le
650 1979 734 2040 camp
756 1961 808 2021 des
825 1955 940 2020 Grecs?
965 1959 1045 2019 Elles
1060 1978 1097 2020 ne
1113 1969 1183 2021 sont

114 2084 169 2145 pas
184 2060 395 2125 mentionnees
412 2062 484 2122 dans
501 2062 542 2122 les
558 2080 624 2122 vers
645 2062 812 2142 prononcds
835 2080 888 2142 par
909 2061 1125 2141 Clytemnestre
1147 2082 1184 2125 au

118 2172 382 2229 commeneement
397 2164 434 2225 de
450 2172 526 2226 cette
541 2167 664 2226 scene.“
698 2165 751 2226 His
777 2168 803 2227 si
828 2166 1023 2227 adiecerimus
1050 2184 1083 2227 ea
1110 2185 1185 2247 quae

116 2277 192 2332 sunt
208 2259 360 2352 ὀφθῆναι
373 2259 495 2350 κόραις,
512 2267 652 2348 quoniam
668 2269 837 2331 necessario
860 2287 924 2330 eam
945 2276 1066 2330 movent
1086 2271 1186 2350 suspi-

116 2374 236 2436 cionem
252 2377 287 2432 ut
300 2371 430 2450 uirgines
445 2371 507 2431 illas
523 2370 580 2430 hoc
595 2370 714 2450 quidem
733 2373 779 2432 die
795 2372 977 2452 Iphigeniam
994 2391 1055 2432 non
1077 2372 1185 2432 vidisse

118 2484 270 2557 putemus,
287 2474 324 2534 de
340 2474 454 2552 Argivis
470 2472 589 2534 feminis
604 2494 677 2554 quas
694 2476 925 2555 Clytaemnestra
947 2493 1049 2535 secum
1069 2474 1187 2535 duxerit

118 2579 202 2641 nullo
219 2578 308 2638 modo
323 2576 415 2656 accipi
430 2596 518 2656 posse
530 2574 592 2650 128),
611 2596 670 2638 non
687 2578 887 2639 dubitabimus
910 2577 979 2638 viris
999 2576 1055 2637 illis
1076 2575 1187 2636 doctis-

119 2682 203 2743 simis
219 2681 411 2742 oboedientes
423 2679 549 2760 ·laeunae
566 2680 682 2758 signum
699 2681 862 2759 imponere.
896 2698 963 2741 nam
986 2679 1065 2739 nulla
1087 2678 1187 2739 relicta

120 2794 167 2847 est
182 2783 346 2865 explicandi
360 2782 444 2857 ratio,
461 2783 579 2863 quando
595 2782 714 2862 quidem
728 2783 980 2861 Agamemnonem
996 2782 1032 2842 ad
1049 2799 1119 2842 suos
1133 2780 1189 2841 rite

119 2886 306 2967 accipiendos
327 2886 451 2946 minime
471 2893 680 2966 praeparatum
707 2904 772 2947 esse
798 2884 1007 2964 reputantibus
1032 2904 1094 2947 non
1120 2885 1188 2945 licet

122 2989 210 3051 nobis
226 2989 402 3050 Aulidenses
418 2989 528 3070 aliquas
545 2989 672 3068 virgines
688 2996 864 3052 convocatas
886 3006 952 3050 esse
968 2997 1099 3050 statuere
1114 3006 1189 3068 quae

122 3112 192 3154 cum
207 3091 357 3171 Iphigenia
373 3101 487 3164 essent,
505 3100 534 3153 et
550 3110 672 3152 sensum
695 3100 775 3152 reete
795 3091 940 3152 intellexit
960 3092 1080 3171 quidem
1099 3090 1189 3150 Bro-

122 3196 238 3257 daeus
254 3195 308 3255 sed
322 3194 472 3255 immerito
490 3215 524 3256 ex
537 3195 597 3255 hoc
612 3211 673 3254 uno
688 3211 776 3254 versu
792 3193 897 3253 elicere
913 3201 1035 3254 conatus
1051 3201 1105 3263 est,
1121 3209 1189 3252 eum

122 3316 216 3360 nemo
231 3315 364 3377 unquam
379 3296 437 3359 nisi
452 3298 502 3358 diu
517 3297 676 3358 meditatus
692 3295 857 3374 philologus
872 3295 961 3354 homo
977 3295 1056 3355 huno
1070 3311 1191 3353 versum

123 3400 198 3463 adeo
221 3390 437 3461 sententiarum
453 3407 594 3480 tanquam
610 3405 823 3479 praegnantem
843 3415 909 3458 esse
924 3402 1081 3474 eognoscat
1101 3403 1134 3455 ut
1156 3395 1191 3457 ad

124 3641 188 3695 quae
202 3642 267 3676 nunc
282 3626 374 3678 idonea
387 3627 576 3692 opportunitate
589 3629 647 3678 data
666 3627 818 3693 intempore
834 3623 870 3674 sit
886 3637 959 3689 quarn
979 3638 1032 3674 eam
1050 3638 1102 3671 rem
1119 3620 1192 3671 cuius

125 3712 276 3765 efficiendae
288 3714 397 3763 nondum
409 3714 534 3780 dirempta
548 3720 588 3764 cst
600 3713 682 3780 eopia.

198 3799 241 3863 ¹²⁸)
259 3798 296 3849 Do
309 3799 419 3867 interpp.
431 3799 448 3850 l.
463 3800 488 3849 in
500 3799 559 3849 hul.
572 3798 600 3849 ΙΙ.
613 3814 669 3865 pag.
682 3798 707 3847 4.

198 3884 241 3949 aar)
261 3885 322 3937 ibid,
632 3913 634 3916 ,

198 3972 243 4039 ¹²⁸)
262 3972 354 4025 narsus
367 3978 408 4023 est
420 3968 546 4022 Klotzios.
