2588 4522
551 256 863 339 ---15--1

115 419 331 498 repugnantia.
355 428 489 482 attamen
500 423 610 502 placuit
625 423 667 483 illi
679 424 752 484 haec
763 432 907 484 statuere:
926 423 1020 484 maior
1031 423 1187 502 Euripides

115 521 243 582 maxime
259 521 409 600 placidum
424 542 493 585 eum
508 524 607 587 finxit:
628 526 748 604 ineptus
764 527 971 603 grammaticus
987 525 1186 586 diversissima

114 623 364 702 commiscuit⁵¹).

201 730 281 790 Satis
297 731 392 792 habeo
409 749 601 793 enumerasse
617 733 690 793 baec
705 740 881 811 argumenta
898 741 927 794 et
942 733 1121 813 supersedeo
1137 752 1186 795 re-

112 831 249 903 futando,
266 836 408 914 quoniam
423 835 551 898 refutato
568 843 691 897 externo
706 836 755 898 illo
771 836 849 916 quod
862 855 897 897 ex
908 836 1019 897 scholio
1029 835 1186 916 petebatur

117 945 297 1016 argumento
313 956 389 1017 quae
404 938 469 1018 ipsa
484 937 582 1000 fabula
598 938 742 1018 praebere
761 939 897 1001 rideatur
919 939 1086 1001 testimonia
1106 941 1184 1001 ultro

112 1049 237 1120 apparet
252 1042 333 1103 nullo
355 1043 443 1104 modo
459 1042 595 1103 sufficere
612 1044 648 1103 ad
663 1043 847 1122 probandam
862 1043 1043 1104 Zirndorferi
1059 1052 1184 1121 septen-

112 1143 184 1204 tiam
208 1144 246 1206 de
262 1144 377 1206 duabus
396 1145 505 1207 fabulis
527 1146 633 1207 eodem
654 1147 775 1206 nomine
796 1145 946 1225 inscriptis
968 1146 1064 1226 deque
1085 1165 1183 1226 gram

112 1246 212 1307 matioi
228 1247 276 1308 illa
292 1247 554 1310 contaminatione.
590 1267 687 1329 neque
702 1248 764 1329 ipse
779 1249 850 1329 quid
861 1248 988 1309 sentiam
1001 1250 1037 1310 de
1051 1250 1093 1310 eis
1105 1269 1182 1329 quae

111 1356 194 1410 recte
211 1349 401 1411 Zirndorfero
417 1350 607 1412 difficultates
630 1351 745 1413 adferre
766 1351 942 1412 videbantur
964 1352 1011 1413 hic
1032 1353 1114 1414 locus
1135 1362 1181 1414 est

111 1453 249 1532 pluribus
267 1456 444 1534 exponendi,
461 1473 632 1535 quanquam
647 1456 704 1516 hoc
719 1455 848 1517 indicare
873 1473 935 1516 non
957 1454 1100 1528 dubitavi,
1122 1475 1184 1516 nou

114 1556 151 1617 de
167 1556 296 1618 duarum
311 1556 478 1620 fabularum
499 1557 751 1620 contaminatione
773 1558 963 1636 cogitandum
985 1576 1050 1618 esse
1070 1559 1123 1618 sed
1145 1559 1180 1618 de

115 1660 210 1722 unius
227 1659 345 1723 fabulae
361 1662 437 1724 varia
453 1663 603 1723 variorum
618 1662 774 1722 bominum
789 1661 1024 1740 interpolatione.

199 1764 304 1825 Restat
319 1771 361 1837 ut,
377 1773 537 1846 antequam
559 1765 722 1827 sententias
738 1783 928 1845 percenseam
950 1781 1054 1825 eorum
1076 1763 1129 1844 qui
1145 1765 1182 1825 de

112 1867 237 1947 singulis
265 1869 399 1949 quamvis
426 1869 622 1930 diversissime
648 1868 813 1930 iudicantes
841 1886 932 1929 unam
966 1874 999 1928 ot'
1016 1867 1181 1945 simplicem

114 1971 209 2032 luisse
225 1971 410 2051 Iphigeniam
424 1973 618 2034 Aulidensem
638 1991 762 2052 eamque
783 1972 904 2033 maioris
924 1970 1072 2051 Euripidis
1092 1978 1182 2033 tenu·

111 2084 201 2138 erunt
224 2095 344 2150 omues,
372 2077 559 2153 mentionem
583 2074 688 2140 faciam
714 2077 778 2139 eius
805 2075 955 2156 opinionis
981 2075 1014 2136 in
1040 2094 1098 2157 qua
1123 2075 1182 2137 suit

110 2179 315 2262 Gruppius.
603 2252 605 2255 ¹

198 2284 272 2345 Cum
286 2292 423 2346 veterum
438 2301 635 2365 quaecunque
654 2284 690 2345 ad
710 2300 766 2345 nos
787 2289 988 2362 pervenerunt
1007 2280 1180 2342 testimonia
1218 2326 1221 2332 .

110 2397 146 2450 ut
160 2407 254 2450 unam
269 2387 386 2450 tantum
406 2388 538 2450 fabulam
552 2387 722 2467 lphigeniae
742 2385 910 2449 Auhdensis
933 2385 1056 2446 nomine
1072 2384 1180 2445 inscri-

110 2500 195 2573 ptam
210 2499 448 2553 commemorant
469 2491 509 2552 ita
530 2491 567 2551 ad
586 2507 682 2551 uuum
704 2489 803 2550 omnia
818 2486 951 2567 Euripidi
968 2506 1033 2548 eam
1048 2485 1180 2547 tribuant

110 2595 221 2658 celebri
242 2595 408 2657 fabularum
429 2603 551 2675 poetae,
571 2612 647 2674 quae
667 2593 699 2654 in
719 2592 830 2653 nostris
853 2590 991 2652 manibus
1015 2597 1060 2650 est
1080 2589 1178 2651 sabula

110 2699 169 2760 isto
186 2698 309 2760 nomine
324 2694 434 2771 notata,
450 2696 566 2760 etiamsi
580 2695 730 2775 Euripidis
747 2711 858 2755 nomen
879 2711 943 2755 nou
955 2693 986 2754 in
1001 2696 1102 2756 fronte
1123 2694 1177 2754 ha-

110 2802 208 2875 beret,
224 2810 326 2863 tamen
341 2802 373 2863 in
387 2801 532 2881 genuinas
547 2799 627 2860 illius
642 2798 755 2875 fabulas
770 2797 941 2878 recipienda
956 2797 1105 2859 videretur
1121 2814 1177 2859 ue-

110 2924 171 2986 que
187 2906 246 2967 ullo
262 2906 351 2967 modo
367 2905 394 2966 ei
408 2902 569 2966 abiudicari
583 2912 696 2983 posset,
711 2902 810 2964 nisisi
825 2902 890 2982 ipsa
906 2900 1094 2963 abiudioandi
1108 2919 1179 2962 cau-

109 3027 158 3070 sas
182 3008 338 3088 praeberet
358 3007 551 3086 gravissimas.
580 3007 662 3088 atqui
683 3005 708 3068 si
729 3005 850 3086 quidem
865 3014 984 3086 praeter
1004 3011 1178 3085 argumenta

110 3111 162 3173 illa
190 3111 374 3174 extrinsecus
389 3118 507 3192 sumpta
522 3129 717 3192 quaecunque
737 3109 769 3171 in
791 3110 854 3190 ipsa
876 3109 972 3172 fabula
986 3108 1179 3170 inveniuntur

112 3213 326 3295 qualiscunque
340 3215 457 3294 generis
473 3223 565 3278 artem
581 3233 651 3295 prae
665 3234 698 3276 se
713 3213 815 3276 ferunt
829 3212 978 3292 Euripidis
1001 3232 1035 3274 ac
1051 3228 1178 3273 consue·

109 3316 265 3379 tudinem:
284 3317 335 3398 qui
352 3319 473 3380 tandem
494 3318 537 3381 fas
553 3326 631 3380 esset
651 3337 686 3378 eo
703 3335 799 3397 usque
819 3316 982 3397 procedere
1004 3334 1178 3397 quenquam

109 3419 249 3485 licentiae
263 3428 297 3482 ut
312 3422 389 3482 hanc
405 3420 534 3483 tabulam
545 3420 680 3501 Euripidi
691 3420 876 3501 suppositam
891 3428 938 3482 ret
948 3418 1051 3499 potius
1064 3437 1177 3480 nomen

109 3522 259 3604 Euripidis
274 3524 348 3588 falso
365 3533 394 3586 et
409 3524 558 3586 immerito
581 3525 608 3585 ei
627 3525 845 3605 praescriptum
861 3541 934 3585 esse
954 3519 1114 3584 censeret?
1137 3540 1175 3583 au

108 3645 178 3688 vere
194 3627 298 3689 credas
320 3637 350 3690 te
371 3629 562 3690 inventurum
583 3647 649 3689 esse
670 3647 745 3709 quae
767 3628 948 3691 abhorreant
970 3625 1007 3688 ab
1026 3625 1176 3708 Euripidis

105 3787 321 3796 ------——-

179 3856 200 3889 ⁵¹
229 3857 275 3907 l.l.
305 3873 343 3908 a.
374 3859 416 3908 0.

177 3859 210 4010 ”i
228 3860 489 4009 aperiebnlimbalsue
502 3949 542 3993 est
555 3940 695 4006 Hesychius
708 3957 733 3991 v.
747 3937 946 4013 ἀπαρθένευτα,

1036 4058 1052 4091 ἑ
