2588 4522
203 1329 361 1456 Quoniam
378 1388 457 1430 nuno
477 1369 508 1430 in
523 1369 614 1431 linem
637 1371 849 1450 disquisitionis
871 1375 1032 1452 perductus
1055 1396 1090 1436 eo
1110 1395 1179 1456 per-

112 1488 179 1547 veni
201 1493 234 1546 ut
250 1505 285 1546 ex
306 1486 484 1564 computatis
505 1493 535 1546 et
557 1486 635 1546 inter
654 1506 686 1547 se
707 1489 885 1567 comparatis
906 1490 1030 1570 singulis
1050 1493 1122 1554 locis
1144 1495 1180 1554 de

112 1591 203 1652 totius
217 1590 333 1650 fabulae
347 1589 520 1650 condicione
536 1589 606 1669 quid
622 1597 751 1650 statuam
764 1591 835 1652 mihi
847 1591 1007 1654 dicendum
1019 1596 1067 1667 sit,
1083 1596 1180 1675 primo

112 1696 177 1754 loco
194 1711 301 1754 moneo
317 1693 352 1753 ab
368 1693 509 1772 Euripide
525 1693 655 1754 fabulam
670 1713 732 1754 non
754 1694 837 1754 omni
853 1714 889 1756 ex
909 1704 993 1775 parte
1015 1698 1180 1760 absolutam

112 1807 141 1858 et
157 1799 193 1858 ad
210 1799 300 1858 linem
316 1798 491 1877 perductam
508 1816 573 1857 esse
596 1816 693 1876 neque
713 1817 748 1857 ex
771 1797 865 1876 ipsius
890 1798 1006 1861 fabulae
1029 1801 1125 1862 forma
1147 1822 1181 1863 ac

112 1902 286 1963 condicione
301 1901 396 1979 colligi
411 1919 508 1979 posse,
524 1901 550 1960 si
565 1901 686 1980 quidem
701 1919 799 1980 neque
815 1901 881 1980 quis
904 1922 1006 1963 versus
1028 1902 1092 1964 illos
1107 1923 1180 1964 ana-

112 2006 259 2085 paestioos
276 2007 362 2080 (vers.
378 2003 592 2079 590.-597.),
608 2003 690 2064 omni
707 2005 794 2065 modo
817 2004 882 2065 illos
898 2006 1019 2085 quidem
1041 2026 1180 2068 necessa-

111 2109 180 2180 rios,
196 2107 397 2187 composuerit
413 2107 567 2168 diiudicari
581 2113 680 2186 potest
700 2113 729 2168 et
751 2127 826 2187 quae
849 2126 931 2170 nuno
951 2110 1043 2170 linem
1063 2110 1181 2171 fabulae

112 2213 273 2291 imponunt
289 2211 361 2291 quin
376 2211 471 2271 factae
487 2211 617 2271 iacturae
633 2212 875 2290 compensandus
895 2231 981 2273 causa
1004 2215 1102 2275 addita
1118 2215 1181 2275 sint

112 2334 174 2375 non
189 2322 289 2393 potest
304 2314 443 2385 dubitari,
459 2322 556 2375 cetera
572 2321 672 2374 autem
688 2331 791 2374 eorum
808 2315 915 2395 quibus
929 2317 1022 2377 careri
1036 2335 1097 2378 non
1113 2325 1182 2396 pot-

112 2425 157 2478 est
173 2419 278 2478 autito
302 2425 471 2497 comparata
492 2424 563 2478 sunt
586 2425 620 2477 ut
642 2417 678 2478 de
699 2417 764 2478 lure
784 2417 919 2498 Euripidi
940 2419 1100 2482 abiudicari
1121 2441 1183 2483 non
1258 2470 1263 2481 .

112 2521 228 2600 possint
243 2530 293 2582 aut
309 2521 422 2582 lacunis
437 2522 498 2582 sive
515 2520 636 2600 expletis
652 2521 713 2581 sive
728 2521 824 2582 adhuc
845 2521 997 2583 hiantibus
1018 2523 1183 2586 deformata

112 2632 185 2685 sunt
201 2625 307 2685 talibus
324 2625 427 2705 quales
443 2625 479 2686 ab
494 2624 636 2703 Euripide
652 2643 714 2684 non
730 2632 801 2685 sunt
816 2625 950 2700 relictae,
973 2646 1071 2706 neque
1086 2628 1182 2707 quali-

112 2748 230 2808 cunque
245 2735 419 2807 argumento
442 2728 562 2789 aliunde
582 2728 674 2807 petito
697 2727 816 2789 suaderi
837 2737 889 2789 aut
910 2731 1062 2810 scriptoris
1083 2732 1184 2795 ouius-

113 2852 203 2911 quam
221 2832 401 2893 testimonio.
436 2851 512 2911 quae
528 2851 595 2893 cum
611 2832 652 2893 ita
668 2831 737 2903 sint,
754 2833 863 2893 minori
878 2834 1028 2913 Euripidi,
1050 2855 1139 2914 (quem
1155 2837 1183 2898 id

114 2943 251 3014 agentem
274 2918 318 2996 ut‘
327 2935 513 3015 Iphigeniam
532 2935 725 2998 Aulidensem
748 2937 778 2997 in
800 2956 920 2999 scenam
941 2939 1119 3018 produceret
1139 2941 1184 3001 la-

110 3039 211 3100 hulam
229 3059 243 3100 a
260 3039 372 3099 maiore
387 3038 528 3119 Euripide
544 3058 606 3101 non
621 3041 704 3101 omni
729 3061 764 3101 ex
779 3050 864 3120 parte
887 3041 1053 3102 absolutam
1073 3061 1183 3122 perpo-

112 3143 183 3203 lisse
199 3151 227 3204 et
243 3144 279 3203 ad
301 3143 391 3204 finem
411 3143 586 3222 perduxisse
609 3144 814 3214 coniecerunt,
836 3162 890 3221 ego
911 3144 1032 3223 quidem
1053 3144 1185 3207 dubitavi

112 3246 272 3326 quicquam
290 3226 421 3307 triburie
443 3246 501 3306 nisi
524 3247 602 3327 quod
623 3264 683 3308 nun
707 3247 742 3307 ab
766 3246 831 3326 ipso
852 3246 995 3327 Euripide
1017 3252 1185 3327 profectum

110 3369 177 3409 esse
192 3349 286 3428 ipsius
305 3349 421 3411 fabulae
443 3350 651 3411 monstraverit
671 3351 862 3430 compositio,
884 3351 964 3412 unde
984 3352 1015 3412 in
1036 3353 1182 3432 antiquis-

109 3453 178 3514 simi
193 3453 413 3532 interpolatoris
433 3454 532 3515 locum
548 3454 654 3515 merito
669 3454 752 3515 illum
767 3455 950 3534 depressisse
966 3454 1038 3514 mihi
1054 3454 1163 3516 videor.

194 3558 306 3618 Deinde
333 3568 410 3636 quae
430 3557 564 3637 Euripidi
587 3557 680 3619 tribui
702 3575 765 3619 non
784 3565 912 3637 possunt
937 3566 988 3618 aut
1007 3566 1040 3619 ut
1060 3559 1183 3620 adverso

109 3679 180 3721 casu
196 3670 278 3721 ortae
294 3663 417 3722 lacunae
433 3636 623 3741 explerentur
638 3661 753 3722 fabulae
770 3661 946 3722 reficiendae
960 3680 1058 3749 causa
1087 3661 1183 3722 addita

108 3772 180 3825 sunt
195 3774 245 3825 aut
263 3765 460 3844 amplificandi
475 3766 567 3845 gratia
583 3771 696 3826 temore
711 3765 747 3825 ab
769 3764 1028 3843 interpolatoribus
1044 3771 1118 3824 sunt
1134 3765 1180 3825 in·

108 3870 220 3929 culcata
237 3877 289 3930 aut
304 3869 340 3929 ab
355 3868 518 3931 lectoribus
530 3869 591 3930 sive
603 3868 819 3948 interpretandi
832 3887 918 3929 causa
930 3867 990 3929 sive
1002 3868 1039 3928 ad
1050 3867 1182 3928 similem

109 3972 238 4051 aliquem
253 3974 351 4034 locum
366 3972 398 4033 in
415 3972 587 4037 memoriam
610 3971 810 4035 revocandum
831 3972 863 4034 in
879 3971 1014 4051 margine
1036 3969 1184 4049 adscripta
